timestamp,tick,ask,bid,vol,buys,sells,btc_tick,btc_buys,btc_sells,btc_vol,usdt,first_page_buy_orders,first_page_sell_orders
2017-11-30T00:00:50.87,0.0,0.0,9.8e-05,0.0,0,0,9745.0,12149,3420,24561.26016279,0.0,1.977791747080707,0
2017-11-30T00:01:35.08,0.0,0.0,9.901e-05,0.0,0,0,9745.0,12154,3420,24563.27369201,0.0,4.6796568351294265,0
2017-11-30T00:01:50.797,0.0,0.0,9.902e-05,0.0,0,0,9745.0,12154,3420,24563.27369201,0.0,4.733912939838961,0
2017-11-30T00:02:22.82,0.0,0.0,0.0001,0.0,0,0,9745.0,12154,3420,24563.27369201,0.0,4.615699648920193,0
2017-11-30T00:03:09.297,0.0,0.0,0.0001002,0.0,0,0,9745.0,12154,3420,24563.27369201,0.0,2.829560464332458,0
2017-11-30T00:03:30.683,0.0,0.0,0.0003,0.0,0,0,9745.0,12154,3420,24563.27369201,0.0,2.047075320166636,0
2017-11-30T00:03:58.337,0.0,0.0,0.0004,0.0,0,0,9745.0,12154,3420,24563.27369201,0.0,1.75711092515532,0
2017-11-30T00:04:41.72,0.0,0.0,0.001,0.0,0,0,9745.0,12154,3420,24563.27369201,0.0,1.53210906725029,0
2017-11-30T00:05:17.417,0.0,0.0,0.00120001,0.0,0,0,9745.0,12154,3420,24563.27369201,0.0,0.41476630064383335,0
2017-11-30T00:05:37.6,0.0,0.0,0.002,0.0,0,0,9745.0,12154,3420,24563.27369201,0.0,1.308859533168804,0
2017-11-30T00:06:19.703,0.0,0.0,0.0035,0.0,0,0,9745.0,12154,3420,24563.27369201,0.0,0.673047213912,0
2017-11-30T00:06:39.623,0.0,0.0,1.0,0.0,0,0,9745.0,12154,3420,24563.27369201,0.0,0.5782816795604819,0
2017-11-30T00:07:19.32,0.0,0.0,0.0036,0.0,0,0,9745.0,12154,3420,24563.27369201,0.0,0.584642201985024,0
2017-11-30T00:07:39.223,0.0,0.0,1.0,0.0,0,0,9745.0,12154,3420,24563.27369201,0.0,0.5488362457562319,0
2017-11-30T00:08:05.89,0.0,0.0,1.0,0.0,0,0,9745.0,12154,3420,24563.27369201,0.0,0.562554865681232,0
2017-11-30T00:08:05.89,0.0,0.0,1.0,0.0,0,0,9642.00000001,12193,3490,24579.43378231,0.0,0.572388519956232,0
2017-11-30T00:08:05.373,0.0,0.0,1.0,0.0,0,0,9642.00000001,12193,3490,24579.43378231,0.0,1.566487479406304,0
2017-11-30T00:08:05.89,0.0,0.0,1.0,0.0,0,0,9720.0,12212,3473,24587.79650329,0.0,1.5693885199562339,0
2017-11-30T00:08:05.89,0.0,0.0,1.0,0.0,0,0,9726.1,12226,3476,24588.69136874,0.0,1.430359655656484,0
2017-11-30T00:08:05.89,0.0,0.0,1.0,0.0,0,0,9726.1,12226,3476,24588.69136874,0.0,1.401888519956484,0
2017-11-30T00:08:05.89,0.0,0.0,1.0,0.0,0,0,9726.1,12226,3476,24588.69136874,0.0,1.452812035356484,0
2017-11-30T00:12:34.457,0.0028,0.0071,0.0001202,0.3160834,132,1,9726.1,12226,3476,24588.69136874,27.23308,1.586261822864474,1.4200000000000002
2017-11-30T00:13:07.437,0.00689,0.00689,0.00025,0.6552371,144,3,9726.1,12232,3488,24601.00296816,67.01282900000001,1.4642111144499577,7.282521277579701
2017-11-30T00:13:42.18,0.00045999,0.00045999,0.00026001,1.04623974,150,8,9726.1,12229,3489,24606.06552597,4.4739087390000005,1.2885221539899767,113.29329445195886
2017-11-30T00:14:14.083,0.0004,0.00045997,0.0004,1.63077269,143,9,9726.1,12229,3489,24606.06552597,3.8904400000000003,0.320262701044429,57.78413209774019
2017-11-30T00:14:43.92,0.0003,0.00029,0.00016345,1.87550377,149,11,9778.0,12243,3482,24619.67228063,2.9334,1.2517838044688505,54.79954457633287
2017-11-30T00:15:15.557,0.00010101,0.00012,0.00010101,2.70393117,147,13,9781.0,12249,3474,24623.58196951,0.98797881,3.354577909670362,5.640142532239759
2017-11-30T00:15:37.243,9.8e-05,9e-05,8e-05,4.16681777,141,17,9800.0,12251,3467,24629.94012383,0.9603999999999999,1.7494567334489217,2.7499933597603032
2017-11-30T00:16:12.94,8.02e-05,8e-05,7.02e-05,5.8619873,141,18,9824.0,12257,3446,24638.83006528,0.7878847999999999,1.87528161386772,2.357073252572182
2017-11-30T00:16:43.45,8e-05,7.9e-05,7.1e-05,6.17912569,148,20,9829.397,12262,3451,24640.84681595,0.7863517600000002,2.8438621518412135,1.9798942559286823
2017-11-30T00:17:18.29,7.201e-05,7.588e-05,7.202e-05,8.10789788,143,21,9850.0,12262,3437,24667.32489241,0.7092984999999999,1.8334746001593247,2.7033829985376587
2017-11-30T00:17:55.533,7.481e-05,7.449e-05,7.301e-05,8.93468777,151,33,9900.0,12258,3415,24677.91884984,0.7406189999999999,0.9930142331872247,5.9362290826519315
2017-11-30T00:18:24.233,7.48e-05,7.481e-05,7.48e-05,10.30284894,158,35,9885.00000001,12245,3402,24682.89711642,0.7393980000007481,1.6246720765962788,1.449264393582355
2017-11-30T00:18:57.183,7e-05,7e-05,6.99e-05,13.28251265,146,35,9884.0,12229,3408,24703.97112853,0.6918799999999999,1.4330648820095333,2.0023757012670367
2017-11-30T00:19:32.567,7.48e-05,7.4e-05,7.03e-05,14.36267862,158,37,9878.99999999,12250,3407,24709.82677714,0.738949199999252,2.8082282052327097,1.576248779956006
2017-11-30T00:20:01.3,7.4e-05,7.399e-05,7e-05,15.25631082,158,42,9884.0,12282,3407,24714.58364907,0.731416,1.4675144281824275,3.2332596045901716
2017-11-30T00:20:32.153,7.398e-05,7.3e-05,7.1e-05,18.54913199,166,47,9884.0,12283,3411,24728.81394402,0.7312183200000001,3.388365658715208,2.4888876817025705
2017-11-30T00:21:01.18,7.4e-05,7.55e-05,7.4e-05,22.26858882,169,47,9899.0,12300,3418,24731.8594548,0.732526,1.8137045703831407,4.553946405954972
2017-11-30T00:22:06.767,8.899e-05,8.75e-05,8.499e-05,26.74018764,171,60,9899.0,12316,3417,24737.41696129,0.88091201,1.9880239709960716,5.0607307573907665
2017-11-30T00:22:35.56,8.399e-05,8.398e-05,8.1e-05,27.62155694,170,68,9901.0,12330,3411,24738.30025529,0.83158499,3.331306490991629,5.340458239629801
2017-11-30T00:23:03.07,8.1e-05,8.1e-05,7.75e-05,28.24606127,176,76,9910.0,12321,3421,24740.91388418,0.80271,1.7080879067168464,1.9941281875532322
2017-11-30T00:23:40.393,8.099e-05,8e-05,7.83e-05,28.66288806,189,83,9910.0,12310,3426,24749.968765,0.8026108999999999,3.756522152610332,2.1275782361172775
2017-11-30T00:24:21.03,7.83e-05,7.83e-05,7.758e-05,32.12005554,176,88,9910.0,12321,3426,24753.86328849,0.775953,1.9620334799846224,2.224224777260022
2017-11-30T00:24:50.417,7.7e-05,7.999e-05,7.001e-05,33.24233568,178,88,9939.0,12317,3414,24763.00000889,0.7653030000000001,1.3302478508359135,2.1702232041206373
2017-11-30T00:25:14.96,7.699e-05,7.699e-05,7.653e-05,38.96000511,166,97,9937.0,12316,3411,24765.61937858,0.76504963,0.9777525515627492,2.4948431417359793
2017-11-30T00:25:55.437,7.405e-05,7.5e-05,7.1e-05,39.96354502,164,99,9941.0,12337,3407,24766.63185163,0.73613105,2.4145097556006405,2.0079505967793727
2017-11-30T00:26:25.81,7.5e-05,7.6e-05,7.4e-05,40.46253387,180,102,9945.00000002,12339,3410,24775.12221119,0.7458750000014999,2.724079842974818,3.4585206570029987
2017-11-30T00:26:57.447,7.1e-05,7.2e-05,7.1e-05,42.1281678,169,106,9975.0,12350,3381,24796.93684357,0.708225,1.9054633600614375,5.4624923895379105
2017-11-30T00:27:25.753,7.2e-05,7.1e-05,6.99e-05,42.89146815,170,112,9981.0,12341,3369,24807.40323487,0.718632,3.2738015283975117,4.167775163953129
2017-11-30T00:27:58.83,6.868e-05,6.999e-05,6.66e-05,44.34331151,157,129,9988.0,12346,3369,24810.26190461,0.68597584,2.2954577427728555,4.275536317116359
2017-11-30T00:28:29.12,7.099e-05,7.099e-05,7.068e-05,45.50315623,165,131,9997.0,12343,3363,24819.19485379,0.70968703,3.471315204080165,3.843101388888504
2017-11-30T00:29:04.43,7.106e-05,7.25e-05,7.106e-05,45.7891949,170,136,10000.0,12347,3315,24839.39086651,0.7106,1.2230397735494296,3.6287282475998257
2017-11-30T00:29:32.097,7.107e-05,7.25e-05,7.107e-05,47.20497593,161,139,9990.0,12367,3336,24854.89538745,0.7099892999999999,1.852028857699257,2.762417116943152
2017-11-30T00:30:06,7.107e-05,6.978e-05,6.901e-05,49.40325554,158,142,9910.0,12345,3338,24873.80616734,0.7043037,3.152956563685397,1.7551154048415092
2017-11-30T00:30:38.103,7.3e-05,7.5e-05,7.3e-05,52.95184036,166,133,9900.0,12345,3346,24880.23952253,0.7227,8.227796263923857,2.6293996242313202
2017-11-30T00:31:10.24,7.251e-05,7.6e-05,7.599e-05,54.36563815,164,131,9849.36299999,12344,3364,24882.87164507,0.7141773111292748,6.035791280622358,2.277800656237805
2017-11-30T00:31:34.24,7.5e-05,7.5e-05,7.255e-05,55.29670595,163,140,9800.1702921,12343,3367,24885.95113342,0.7350127719074999,6.406858604855752,3.477619132160096
2017-11-30T00:32:30.28,7.498e-05,7.456e-05,7.3e-05,55.86158286,173,154,9881.47671139,12371,3362,24897.39743553,0.7409131238200222,3.0566775969328073,2.566271487816135
2017-11-30T00:33:13.32,7.43e-05,7.4e-05,7.31e-05,56.25920472,180,169,9890.0,12374,3359,24900.07991464,0.734827,3.266146996784882,1.84213832460895
2017-11-30T00:33:45.16,7.207e-05,7.25e-05,7.207e-05,57.21353733,162,171,9828.0,12369,3376,24899.13903596,0.7083039600000001,0.5439445266329008,1.7886398512531372
2017-11-30T00:34:20.11,7.001e-05,7.201e-05,7e-05,58.01578521,162,178,9830.0,12374,3376,24903.10193387,0.6881983,3.2963370236224647,1.6428968529596337
2017-11-30T00:34:50.17,7.219e-05,7.456e-05,7.25e-05,58.23994562,176,174,9829.99999998,12383,3381,24910.26887265,0.7096276999985562,7.723493726279307,1.303945326614893
2017-11-30T00:35:20.26,7.495e-05,7.3e-05,7.257e-05,59.59540178,173,182,9831.1702921,12389,3385,24910.90395413,0.736846213392895,0.9170220790494882,3.7414166322707945
2017-11-30T00:35:53.99,7.477e-05,7.479e-05,7.477e-05,62.37255327,183,194,9880.0,12398,3390,24911.10324654,0.7387276,3.527234962734812,1.5841710554409714
2017-11-30T00:36:20.767,7.499e-05,7.499e-05,7.497e-05,65.00416522,183,192,9879.0,12402,3392,24920.95749236,0.74082621,3.8483288977242576,3.0120457890917294
2017-11-30T00:36:54.437,7.4e-05,7.497e-05,7.3e-05,65.68526399,177,195,9879.0,12410,3393,24924.63595048,0.731046,2.8363019371393476,2.6187762572225557
2017-11-30T00:37:25.167,7.45e-05,7.45e-05,7.301e-05,67.29218868,188,201,9851.00000001,12417,3406,24929.75782508,0.733899500000745,3.6451059402519683,2.1116587601017827
2017-11-30T00:37:59.663,7.478e-05,7.478e-05,7.45e-05,67.70085955,196,205,9878.99999999,12426,3402,24932.94199308,0.7387516199992521,3.4476740371314385,2.0174832477134
2017-11-30T00:38:32.783,7.4e-05,7.4e-05,7.35e-05,68.14458784,192,216,9880.0,12436,3391,24945.24705518,0.73112,3.4224588290382796,3.461505187743055
2017-11-30T00:39:04.233,7.3e-05,7.37e-05,7.3e-05,70.05031522,180,223,9889.0,12434,3392,24947.1099515,0.721897,2.6512496461066974,3.6551761538358614
2017-11-30T00:39:30.59,7.3e-05,7.37e-05,7.3e-05,70.06245844,184,221,9900.0,12434,3398,24949.59555787,0.7227,2.361816156038953,3.4171671980797163
2017-11-30T00:40:05.663,7.35e-05,7.35e-05,7.304e-05,70.41161084,191,231,9900.0,12443,3396,24953.08834665,0.72765,2.1113905186437294,3.555449156494591
2017-11-30T00:40:35.113,7.3e-05,7.3e-05,7.257e-05,71.27018225,188,247,9900.00000002,12454,3383,24955.96655101,0.72270000000146,2.3989997383403554,3.7632023318648633
2017-11-30T00:41:08.72,7.257e-05,7.28e-05,7.257e-05,71.45616557,191,253,9910.00000001,12462,3386,24956.49292372,0.7191687000007259,2.3042585050401407,3.0760216212884255
2017-11-30T00:41:45.43,7.28e-05,7.303e-05,7.202e-05,71.72005601,189,255,9900.0,12452,3392,24964.41322166,0.7207199999999999,2.4223179637902876,2.853648454667115
2017-11-30T00:42:14.137,7.202e-05,7.28e-05,7.202e-05,72.28905143,188,255,9900.0,12455,3393,24967.17818228,0.712998,2.562067663046087,3.611618615126629
2017-11-30T00:43:02.833,7.205e-05,7.26e-05,7.205e-05,72.89479115,193,261,9851.41297616,12460,3397,24967.30525934,0.709794304932328,2.6872723050441487,2.666135461645055
2017-11-30T00:43:32.85,7.28e-05,7.303e-05,7.26e-05,73.85600507,203,256,9851.00000002,12458,3403,24970.51682211,0.717152800001456,2.488983646758351,2.6400382268064515
2017-11-30T00:44:08.71,7.375e-05,7.4e-05,7.399e-05,77.65250396,199,263,9851.00000004,12450,3403,24984.03518492,0.72651125000295,1.5211446115875422,1.2442337981607368
2017-11-30T00:44:40.04,7.399e-05,7.44e-05,7.42e-05,79.60539452,203,255,9815.0,12452,3414,24984.15593291,0.72621185,1.2691311601180308,1.7334731778159167
2017-11-30T00:45:11.29,7.48e-05,7.48e-05,7.44e-05,81.4615583,206,252,9815.0,12452,3413,24985.80133383,0.734162,1.761415984314491,2.8966309724340324
2017-11-30T00:45:41.293,7.495e-05,7.5e-05,7.495e-05,81.9860695,212,248,9849.0,12468,3411,24987.24872561,0.7381825500000001,2.3913607787019795,2.867807004124278
2017-11-30T00:46:10.53,7.75e-05,7.77e-05,7.7e-05,84.33419347,219,233,9851.0,12477,3412,24988.36165969,0.7634525,4.243498654868342,1.1274373290471977
2017-11-30T00:46:44.03,8e-05,8.017e-05,8e-05,89.48116372,214,207,9878.54700002,12488,3417,24990.68936016,0.7902837600016,1.3653775277054423,1.9557296711782273
2017-11-30T00:47:14.22,8.2e-05,8.199e-05,8e-05,92.31856505,223,213,9868.54700002,12485,3416,24990.93085474,0.80922085400164,1.0183843933235572,5.500566132762116
2017-11-30T00:47:45.927,7.795e-05,7.765e-05,7.701e-05,93.82115406,203,229,9868.547,12489,3417,24987.33527202,0.7692532386500001,3.746662394160819,3.3227558535246113
2017-11-30T00:48:18.24,7.9e-05,8e-05,7.9e-05,94.2669856,222,227,9868.54700002,12486,3419,24988.95620584,0.77961521300158,0.7844747316575278,3.720974459311019
2017-11-30T00:48:51.383,8e-05,8.198e-05,8.197e-05,95.41650126,216,229,9865.0,12488,3421,24989.62348969,0.7892,0.9461430109758909,5.481200410169484
2017-11-30T00:49:19.76,8.1e-05,8.198e-05,8e-05,97.195552,215,238,9852.0,12497,3424,24988.39334256,0.798012,0.9874177762716561,3.79559583603849
2017-11-30T00:49:46.5,8.1e-05,8.197e-05,8.1e-05,100.30920051,216,234,9864.0,12500,3427,24987.9949472,0.798984,3.2672905186366235,3.6412055938937526
2017-11-30T00:50:26.263,8.15e-05,8.15e-05,8.1e-05,100.89681867,218,236,9852.00000001,12504,3423,24989.12195288,0.802938000000815,1.3950227238271258,2.723136446246893
2017-11-30T00:50:51.783,8.178e-05,8.17e-05,8.15e-05,101.58853854,219,239,9860.0,12507,3426,24989.66064945,0.8063508,1.6569246870974303,3.7596608191710366
2017-11-30T00:51:26.02,8.18e-05,8.29e-05,8.2e-05,103.51225405,224,231,9850.0,12502,3428,24989.33788869,0.80573,3.6365084160370356,4.02542703602557
2017-11-30T00:51:57.57,8.497e-05,8.788e-05,8.456e-05,106.65635254,229,212,9860.0,12505,3426,24989.33268446,0.8378042,2.5567925764959316,6.306176074934229
2017-11-30T00:52:29.307,8.9e-05,9.3e-05,9.1e-05,109.95783078,246,205,9850.0,12504,3436,24990.00880728,0.8766499999999999,1.386147446353125,2.791247807544781
2017-11-30T00:53:00.513,8.995e-05,8.898e-05,8.559e-05,117.61601003,203,205,9849.00000001,12507,3433,24991.97460387,0.8859175500008997,3.53986732117945,3.153678843784387
2017-11-30T00:53:34.327,8.9e-05,8.8e-05,8.7e-05,122.41580436,225,222,9822.00000003,12508,3440,24995.42995174,0.87415800000267,2.278638170524835,3.8838425964637717
2017-11-30T00:54:07.047,8.698e-05,8.7e-05,8.698e-05,125.32151238,228,216,9848.0,12507,3446,24996.86240819,0.85657904,1.8564216046633897,2.178701382290246
2017-11-30T00:54:38.973,8.777e-05,8.8e-05,8.696e-05,126.37729041,226,220,9832.0,12513,3443,24996.2597849,0.86295464,1.3068321811023735,4.211783177089028
2017-11-30T00:55:12.617,8.6e-05,8.8e-05,8.777e-05,130.65754913,220,225,9848.0,12512,3436,25006.41801907,0.846928,2.0393274781826904,0.5348250936349347
2017-11-30T00:55:44.243,8.949e-05,8.978e-05,8.95e-05,133.19206993,222,232,9860.25811141,12522,3423,25015.64437363,0.8823944983900809,1.2518054176789861,1.502039657775399
2017-11-30T00:56:12.123,8.8e-05,8.8e-05,8.7e-05,135.41232077,221,246,9868.54700002,12524,3415,25020.11854449,0.86843213600176,1.4357755948717605,2.6173303857167007
2017-11-30T00:56:44.423,8.699e-05,8.699e-05,8.65e-05,139.09179169,215,247,9895.0,12525,3410,25020.47336474,0.8607660500000001,4.596603675910668,2.3005905288459485
2017-11-30T00:57:17.19,8.502e-05,8.502e-05,8.501e-05,140.78738265,215,254,9895.0,12540,3409,25023.66063054,0.8412729,3.266293730841864,2.6809073636454572
2017-11-30T00:57:47.523,8.4e-05,8.2e-05,8.171e-05,142.8529904,206,262,9894.0,12541,3412,25022.80350901,0.831096,0.754309349871895,5.228192099958933
2017-11-30T00:58:13.107,8.171e-05,8.171e-05,8.041e-05,145.07621748,206,278,9895.0,12542,3411,25028.824124,0.8085204500000001,3.249511350054949,5.106401270593582
2017-11-30T00:58:48.547,8.171e-05,8e-05,7.91e-05,146.52597837,227,280,9893.0,12550,3417,25027.52530956,0.80835703,1.2649377766769754,1.0884048432405413
2017-11-30T00:59:20.393,8.15e-05,8.05e-05,8e-05,148.90397768,218,293,9885.0,12559,3414,25025.06464432,0.8056275,1.455893355285993,1.38691709280881
2017-11-30T00:59:52.6,8.45e-05,8.45e-05,8.171e-05,150.62330116,233,289,9894.99999999,12556,3404,25029.0675799,0.8361274999991549,6.188336526201622,0.8132624565441915
2017-11-30T01:00:26.68,8.78e-05,8.791e-05,8.698e-05,153.35467529,244,281,9903.0,12563,3401,25028.60887557,0.8694834,2.059454703394168,1.5301802064491106
2017-11-30T01:00:56.64,9e-05,9.378e-05,9.2e-05,160.94788944,244,242,9875.01,12547,3405,25025.9451905,0.8887509000000001,11.897074979904914,3.269982884712322
2017-11-30T01:01:27.063,9.1e-05,9.2e-05,9.1e-05,170.40614202,255,248,9900.0,12554,3404,25028.40629465,0.9009,12.386600590867554,5.215722083546851
2017-11-30T01:01:58.223,9.2e-05,9.2e-05,9.11e-05,172.57961327,262,266,9908.99999999,12563,3409,25025.26886711,0.91162799999908,12.105300497101025,3.949307175992691
2017-11-30T01:02:31.87,9.199e-05,9.2e-05,9.1e-05,173.67254674,271,270,9901.0,12561,3407,25028.03854372,0.91079299,2.1650269756428075,1.6454420440756286
2017-11-30T01:03:02.577,9.378e-05,9.378e-05,9.231e-05,176.46064355,272,263,9901.0,12564,3411,25029.90967082,0.92851578,6.100672591870928,2.2001583166187086
2017-11-30T01:04:04.1,9.23e-05,9.5e-05,9.23e-05,190.07871758,275,260,9899.99999999,12581,3417,25032.11134011,0.9137699999990768,1.7716611712597627,3.234664573926809
2017-11-30T01:04:39.4,9.23e-05,9.4e-05,9.23e-05,190.74262369,289,261,9900.0,12580,3418,25046.25748305,0.91377,2.3421501656780146,3.378543135067659
2017-11-30T01:05:01.283,9.378e-05,9.4e-05,9.378e-05,191.2813153,292,267,9899.0,12578,3419,25051.05818603,0.92832822,3.244456738107512,3.9407005222391183
2017-11-30T01:05:38.597,9.419e-05,9.4e-05,9.378e-05,191.89452726,310,272,9900.0,12579,3417,25052.05864836,0.932481,3.316869652219027,3.0484731318588527
2017-11-30T01:06:11.76,9.7e-05,9.899e-05,9.7e-05,200.93272658,303,252,9900.0,12577,3423,25058.77390044,0.9603,1.8142494819958304,3.1267696697021066
2017-11-30T01:06:42.373,9.775e-05,9.848e-05,9.8e-05,205.65393695,314,267,9900.0,12584,3421,25070.96266181,0.9677250000000001,1.8291242682222684,2.2052860343925986
2017-11-30T01:07:15.313,0.0001,0.00010299,0.00010048,210.07349559,330,239,9908.99999999,12592,3405,25091.70000008,0.9908999999989999,2.7416812843594665,4.785590138275925
2017-11-30T01:07:47.63,0.00010999,0.00010999,0.00010506,219.41108531,327,230,9910.0,12599,3408,25097.21310218,1.0900009,2.5094508387477616,7.594701704121443
2017-11-30T01:08:18.557,0.00010598,0.00010598,0.00010508,225.41012875,318,238,9920.0,12594,3410,25098.60520577,1.0513216,3.157014231169654,4.053691989957529
2017-11-30T01:08:47.97,0.00010499,0.0001048,0.00010352,230.37346995,283,255,9920.0,12598,3407,25102.65266405,1.0415008,2.566260452999611,4.50905714895599
2017-11-30T01:09:18.6,0.0001,0.00010138,0.0001,234.54782575,290,281,9950.0,12605,3404,25101.33049118,0.995,1.6835524491933012,1.4792453631036433
2017-11-30T01:09:48.557,0.0001,9.999e-05,9.868e-05,236.7832407,297,284,9970.0,12608,3396,25091.28727921,0.997,1.4678000687920296,4.482168030272622
2017-11-30T01:10:22.78,0.0001,0.00010132,0.0001,238.39463182,292,292,9968.10872534,12602,3406,25088.16005519,0.996810872534,2.2669028334985066,1.089437030743213
2017-11-30T01:10:55.3,0.00010344,0.00010333,0.00010158,246.38979176,294,289,9910.0,12596,3410,25091.76705088,1.0250904,0.95413587228029,1.345064339096509
2017-11-30T01:11:27.837,0.000103,0.0001,9.901e-05,248.42973804,292,298,9912.1,12604,3414,25087.66459137,1.0209463,0.8994408373104419,3.4970738815450204
2017-11-30T01:11:58.78,0.0001,0.0001,9.901e-05,253.01047793,296,309,9912.10000001,12601,3413,25087.42661865,0.991210000001,3.8861366093722016,1.8321288822116333
2017-11-30T01:12:32.207,0.000103,0.000103,0.00010155,254.92467059,317,318,9926.0,12606,3411,25086.16482145,1.022378,2.804797883525264,0.8934226347918768
2017-11-30T01:13:04.04,9.869e-05,9.869e-05,9.868e-05,259.00948371,284,348,9926.0,12583,3412,25085.81335017,0.9795969400000001,0.8663245205914838,4.9094862599898255
2017-11-30T01:13:33.843,9.5e-05,9.6e-05,9.5e-05,262.25820142,258,345,9926.00000001,12578,3413,25086.30164548,0.9429700000009501,1.1444869571750873,5.372694956817675
2017-11-30T01:14:35.963,9.601e-05,9.7e-05,9.603e-05,265.25370556,287,357,9948.0,12588,3412,25086.11904371,0.95510748,2.1030420737619853,4.459435473831209
2017-11-30T01:15:07.92,9.5e-05,9.5e-05,9.216e-05,266.75926016,280,368,9952.0,12590,3410,25085.51810504,0.9454400000000001,2.6314751910321186,4.887716013540791
2017-11-30T01:15:41.63,9.5e-05,9.498e-05,9.223e-05,269.31137486,278,371,9952.0,12589,3413,25094.8470466,0.9454400000000001,1.7257162103021242,2.8193542042970385
2017-11-30T01:16:11.15,9.3e-05,9.6e-05,9.3e-05,270.59430259,287,376,9952.0,12597,3411,25094.0225703,0.925536,1.5390147913623498,4.922971466855714
2017-11-30T01:16:40.423,9.251e-05,9.489e-05,9.251e-05,274.91396856,280,384,9969.9999999,12600,3407,25095.2097099,0.9223246999907488,1.538984835342337,3.9573939789793746
2017-11-30T01:17:09.803,9.251e-05,9.255e-05,9.222e-05,276.47780568,278,395,9969.9999999,12603,3408,25095.69425577,0.9223246999907488,0.8639461987055158,3.00056567743421
2017-11-30T01:18:03.147,9.3e-05,9.385e-05,9.3e-05,277.33913273,290,395,9979.9999999,12602,3406,25090.73513386,0.9281399999906998,3.3346769854464946,3.2100370655907238
2017-11-30T01:18:35.37,9.3e-05,9.377e-05,9.3e-05,280.7176877,278,408,9970.0,12607,3409,25093.14910847,0.92721,7.233056088960977,2.888026366035197
2017-11-30T01:19:06.283,9.298e-05,9.376e-05,9.3e-05,283.1765385,282,401,9999.05125109,12602,3384,25097.24891497,0.9297117853263482,6.162664355928799,2.440757777795801
2017-11-30T01:19:40.227,9.263e-05,9.263e-05,9.25e-05,286.3862022,288,420,10000.0,12588,3369,25106.39369087,0.9263,4.897358533371689,3.1980771905646397
2017-11-30T01:20:11.5,9.336e-05,9.3e-05,9.251e-05,287.65979384,288,427,10000.91017999,12590,3340,25116.16293342,0.9336849744038664,3.0342802024841746,2.0328622191389107
2017-11-30T01:20:38.037,9.326e-05,9.32e-05,9.251e-05,289.84658863,282,426,10065.0,12635,3310,25125.02578749,0.9386618999999999,1.3248832719621917,2.750857205483246
2017-11-30T01:21:17.01,9.095e-05,8.9e-05,8.899e-05,291.552648,261,446,10091.88883431,12644,3306,25129.37626627,0.9178572894804946,2.962147486641844,3.6114609983387975
2017-11-30T01:21:46.487,8.725e-05,8.83e-05,8.725e-05,297.77129931,243,433,10099.0,12599,3298,25134.42185761,0.88113775,1.8948357972159298,2.694300640432294
2017-11-30T01:22:17.227,8.9e-05,8.9e-05,8.73e-05,301.32731788,262,434,10150.0,12606,3237,25151.6723242,0.90335,2.045431596036328,2.150635602265204
2017-11-30T01:23:00.2,8.76e-05,8.9e-05,8.76e-05,302.39687328,274,448,10158.99999998,12635,3242,25175.05671681,0.889928399998248,2.1674431109627754,5.446862702238542
2017-11-30T01:23:25.783,8.7e-05,8.678e-05,8.6e-05,304.82404022,248,449,10158.99999999,12640,3241,25191.05630991,0.8838329999991299,1.656710527967629,9.250296965565187
2017-11-30T01:24:04.1,8.678e-05,8.678e-05,8.6e-05,305.55404452,259,455,10180.0,12653,3231,25206.27921047,0.8834204000000001,1.701916316079329,6.984444593139646
2017-11-30T01:25:03.43,8.255e-05,8.3e-05,8.255e-05,310.89589637,240,464,10198.0,12637,3208,25170.35966608,0.8418449,1.9806341972118495,3.478062739525084
2017-11-30T01:25:37.903,8.25e-05,8.202e-05,8.2e-05,312.49420027,234,477,10200.0,12635,3197,25147.13577043,0.8415,0.820133359835179,4.023161866974534
2017-11-30T01:26:10.253,8.065e-05,8.1e-05,8.065e-05,315.20642763,231,475,10150.0,12628,3193,25178.67419887,0.8185975,2.0263587849394,5.64163490525358
2017-11-30T01:26:40.65,8.01e-05,8.01e-05,8.001e-05,317.3563119,232,479,10130.0,12628,3197,25205.57108906,0.8114129999999999,2.179391170252497,4.9709797879303315
2017-11-30T01:27:14.703,7.891e-05,7.891e-05,7.882e-05,318.91399995,228,492,10200.0,12644,3186,25226.58557975,0.804882,0.871183580443705,4.742202129759563
2017-11-30T01:27:50.397,7.891e-05,7.908e-05,7.882e-05,326.41396275,214,469,10199.0,12643,3192,25233.65828933,0.80480309,1.2606516803162415,3.832161418561655
2017-11-30T01:28:18.763,8.499e-05,8.499e-05,8.3e-05,333.93488941,232,465,10182.456,12646,3200,25240.58331784,0.86540693544,1.9308622868162484,1.8204657116226606
2017-11-30T01:28:52.77,8.3e-05,8e-05,7.908e-05,338.06910269,220,476,10200.0,12647,3201,25238.27512839,0.8466,1.4668349164586063,3.377823244850482
2017-11-30T01:29:24.917,7.915e-05,8.3e-05,8.001e-05,339.32104179,242,479,10200.0,12653,3200,25240.3759988,0.80733,1.2052585179409196,3.6083829223835577
2017-11-30T01:29:56.923,8e-05,8.29e-05,8e-05,341.47408285,250,492,10200.00000001,12655,3186,25225.60681438,0.8160000000008001,3.404213705810628,3.918769376649869
2017-11-30T01:30:26.383,8.29e-05,8.29e-05,8.15e-05,341.50999123,261,501,10227.94692493,12651,3176,25220.3757763,0.847896800076697,3.8248624350435456,3.823004222471395
2017-11-30T01:30:54.05,8.25e-05,8.25e-05,8.2e-05,341.8012498,269,502,10249.0,12656,3148,25224.56105611,0.8455425,3.247767971556513,3.277527039713915
2017-11-30T01:31:29.413,8.25e-05,8.3e-05,8.22e-05,342.70931992,272,500,10300.0,12667,3087,25245.03027594,0.84975,0.6122528327992602,1.8988837902160791
2017-11-30T01:32:00.78,8.399e-05,8.495e-05,8.22e-05,345.8807781,270,492,10307.99999999,12661,3079,25250.70367669,0.8657689199991601,2.4499458216875154,1.81783798771046
2017-11-30T01:32:35.367,8.412e-05,8.495e-05,8.412e-05,347.066991,291,499,10300.00000002,12633,3081,25294.08848569,0.8664360000016824,1.5507106144339726,3.875690085020808
2017-11-30T01:33:06.45,8.409e-05,8.5e-05,8.412e-05,350.74435612,283,497,10300.00000002,12616,3082,25309.21862824,0.8661270000016819,1.1869833243931929,2.225773035825452
2017-11-30T01:33:37.833,8.5e-05,8.5e-05,8.499e-05,352.0055357,279,503,10319.99999999,12590,3080,25311.11596921,0.87719999999915,1.5643424557055776,1.848244799231456
2017-11-30T01:34:09.187,8.8e-05,8.8e-05,8.689e-05,354.957496,274,506,10319.99999995,12606,3082,25310.47839325,0.9081599999955999,1.8542464273306194,2.0813638050596497
2017-11-30T01:34:41.317,8.822e-05,8.856e-05,8.85e-05,357.17243052,270,502,10326.339,12648,3083,25311.52940439,0.91098962658,0.7363913107141248,1.0344287575829219
2017-11-30T01:35:36.24,8.6e-05,8.798e-05,8.505e-05,366.2022976,249,510,10326.707,12678,3081,25307.56831842,0.8880968020000001,0.6260325146575778,2.6106619014556194
2017-11-30T01:36:06.11,8.6e-05,8.551e-05,8.393e-05,368.02190128,261,518,10301.0,12654,3086,25325.8816347,0.8858860000000001,1.406540385086363,1.8268679799450909
2017-11-30T01:36:37.413,8.5e-05,8.475e-05,8.403e-05,369.10031585,264,524,10300.00000002,12662,3091,25352.26324915,0.8755000000017,1.1046331575002173,1.872553904449705
2017-11-30T01:37:10.25,8.414e-05,8.469e-05,8.414e-05,370.61521343,262,531,10300.00000002,12670,3100,25404.25715169,0.8666420000016828,0.8510565732733313,1.6108432551169922
2017-11-30T01:37:42.507,8.5e-05,8.52e-05,8.499e-05,371.19497551,270,530,10300.00000001,12660,3105,25425.90524668,0.8755000000008502,4.007755346262405,1.2237930352351183
2017-11-30T01:38:11.453,8.6e-05,8.691e-05,8.6e-05,374.57637912,272,528,10275.0,12659,3116,25425.27378366,0.88365,1.829312344232743,2.104097570697842
2017-11-30T01:38:44.083,8.6e-05,8.6e-05,8.5e-05,377.70491946,270,525,10280.0,12657,3123,25415.87029585,0.8840800000000001,1.323959222064035,4.210463976507201
2017-11-30T01:39:11.577,8.595e-05,8.5e-05,8.42e-05,378.16956529,272,539,10280.0,12652,3126,25416.91389784,0.8835660000000001,0.5881192393385973,3.5006004012948666
2017-11-30T01:39:44.273,8.3e-05,8.3e-05,8.25e-05,379.8808716,263,546,10285.0,12670,3131,25415.25543332,0.8536549999999999,1.079350168370203,4.8308563490597685
2017-11-30T01:40:17.28,8.2e-05,8.2e-05,8.154e-05,380.55782922,260,548,10285.0,12673,3118,25422.69049893,0.8433700000000001,1.0440706278385141,4.51727745538828
2017-11-30T01:40:47.197,8.154e-05,8.198e-05,8.154e-05,381.43482123,260,554,10249.495,12669,3128,25436.49523911,0.8357438223,1.195312937036836,3.5379459136228344
2017-11-30T01:41:19.873,8.2e-05,8.399e-05,8.2e-05,381.92942276,270,554,10240.0,12675,3131,25439.06626133,0.83968,0.9532784751134292,3.4584436381408126
2017-11-30T01:41:55.6,8.201e-05,8.35e-05,8.24e-05,382.84219858,277,567,10240.0,12687,3139,25438.61994591,0.8397823999999999,1.9703114642135044,0.7895621462931446
2017-11-30T01:42:25.703,8.205e-05,8.349e-05,8.3e-05,384.05575675,278,578,10241.0,12686,3142,25435.86044526,0.84027405,1.7740977397824085,3.137276777210942
2017-11-30T01:42:57.133,8.3e-05,8.3e-05,8.21e-05,385.69644856,277,581,10250.0,12680,3138,25434.60228051,0.85075,0.9143867897523251,1.1822559321073403
2017-11-30T01:43:30.22,8.25e-05,8.3e-05,8.25e-05,386.1251286,266,589,10250.0,12685,3147,25434.41559211,0.845625,1.2739125894436611,2.5636449563588686
2017-11-30T01:44:04.493,8.4e-05,8.45e-05,8.4e-05,388.26780926,271,578,10259.96417909,12692,3147,25434.06311874,0.86183699104356,1.3240890059647428,1.7123789693855116
2017-11-30T01:44:36.407,8.5e-05,8.477e-05,8.4e-05,388.94104815,270,586,10298.99999999,12692,3135,25435.71006845,0.87541499999915,3.6404311895530235,2.170141581848794
2017-11-30T01:45:00.76,8.477e-05,8.498e-05,8.48e-05,390.75209552,279,581,10289.96417908,12696,3136,25436.3051263,0.8722802634606116,3.9837304626544148,1.8882374358190417
2017-11-30T01:46:06.167,8.48e-05,8.48e-05,8.4e-05,394.1717332,271,596,10287.99999999,12709,3139,25434.00671088,0.8724223999991519,3.3876791963400996,2.663245868545822
2017-11-30T01:46:37.583,8.4e-05,8.4e-05,8.303e-05,394.76493224,270,595,10269.0,12709,3143,25431.41012809,0.8625959999999999,2.8963538360085987,2.262860587968083
2017-11-30T01:47:12.573,8.4e-05,8.371e-05,8.304e-05,394.89479845,276,601,10269.00000001,12714,3143,25428.36240203,0.86259600000084,2.7809802631486193,2.1433116070834277
2017-11-30T01:47:41.083,8.371e-05,8.37e-05,8.3e-05,394.94252173,277,605,10284.0,12719,3149,25423.99060058,0.86087364,1.2015540301993224,1.3618081321427182
2017-11-30T01:48:13.297,8.25e-05,8.3e-05,8.251e-05,397.61684142,268,611,10271.0,12722,3139,25426.06586957,0.8473575,0.8582518503858839,1.416332742336052
2017-11-30T01:48:44.587,8.255e-05,8.2e-05,8.154e-05,398.20484185,268,614,10284.0,12732,3147,25424.01044058,0.8489442,0.8475547859434918,2.0491033468292708
2017-11-30T01:49:18.767,8.15e-05,8.2e-05,8.15e-05,398.78291968,265,624,10271.000001,12731,3155,25427.22228283,0.8370865000815001,1.4334053119691714,2.047462101359549
2017-11-30T01:49:46.26,8.371e-05,8.371e-05,8.255e-05,401.54305159,274,614,10298.99999999,12730,3144,25425.16889088,0.8621292899991628,4.863393873702835,0.8179008865488854
2017-11-30T01:50:20.673,8.4e-05,8.2e-05,8.15e-05,403.63753941,281,609,10283.99,12723,3146,25396.67252391,0.86385516,1.6024416485857793,3.205773480062085
2017-11-30T01:50:52.213,8.102e-05,8.375e-05,8.102e-05,405.75941237,267,632,10287.0,12723,3151,25395.61126791,0.8334527399999999,0.5573399297356258,2.7478450840698803
2017-11-30T01:51:23.003,8.18e-05,8.3e-05,8.299e-05,405.82998723,277,633,10283.99000001,12718,3150,25383.71991099,0.841230382000818,3.1861472133718474,2.1703399153267626
2017-11-30T01:51:51.293,8.2e-05,8.2e-05,8.171e-05,408.1033722,280,634,10300.00000003,12727,3139,25384.1108732,0.84460000000246,2.333621382578864,1.095432096934344
2017-11-30T01:52:25.333,8.2e-05,8.369e-05,8.2e-05,408.67558942,279,643,10340.0,12740,3126,25383.59174752,0.84788,1.8932076849822272,1.2893755978322319
2017-11-30T01:52:54.843,8.171e-05,8.299e-05,8.171e-05,410.21676022,277,647,10360.0,12749,3112,25394.91336211,0.8465156,2.301947105329124,1.6257116415681032
2017-11-30T01:53:28.087,8.22e-05,8.22e-05,8.2e-05,410.60135525,278,651,10399.0,12736,3095,25401.97033449,0.8547978,1.435382270627474,1.4730944643008306
2017-11-30T01:53:59.11,8.2e-05,8.2e-05,8.199e-05,410.64201764,286,655,10401.15033504,12733,3063,25401.1941399,0.85289432747328,1.8055571793902423,1.6694175751762623
2017-11-30T01:54:33.543,8.199e-05,8.199e-05,8.171e-05,410.87393554,283,654,10431.15438108,12732,3041,25414.99462896,0.8552503477047492,2.8250948406117122,1.6712128205392627
2017-11-30T01:55:11.457,8.199e-05,8.199e-05,8.171e-05,412.05501765,278,659,10419.0,12714,3045,25423.25603438,0.8542538100000001,2.961717947254578,1.7238328124397007
2017-11-30T01:55:44.217,8.22e-05,8.275e-05,8.22e-05,414.65780592,283,657,10440.5,12723,3027,25426.42462331,0.8582091000000001,2.257087104524366,1.3287572003045975
2017-11-30T01:56:35.97,8.22e-05,8.2e-05,8.102e-05,417.26416889,274,666,10444.0,12730,3030,25428.69900221,0.8584968000000001,3.13955695486546,2.2369488364072443
2017-11-30T01:57:02.277,8.088e-05,8.139e-05,8.088e-05,420.04214304,249,674,10452.0,12743,3018,25435.08124893,0.84535776,1.4324280240208982,1.9759335594094438
2017-11-30T01:57:36.02,7.937e-05,7.937e-05,7.924e-05,421.32759547,248,685,10445.0,12744,3020,25439.10443667,0.8290196499999999,1.0659664385234906,1.803097071576687
2017-11-30T01:58:09.233,7.938e-05,7.99e-05,7.938e-05,422.45434739,246,685,10445.0,12745,3014,25440.11547846,0.8291241,1.5515061149136162,3.015269391688706
2017-11-30T01:58:40.9,7.852e-05,7.852e-05,7.851e-05,423.04636858,249,689,10444.0,12711,3024,25439.60580372,0.82006288,1.213520027742907,2.547230745500214
2017-11-30T01:59:11.94,7.851e-05,7.8e-05,7.78e-05,423.23040061,253,688,10442.0,12705,3034,25439.98215207,0.81980142,3.4029715964664238,1.6375828729459119
2017-11-30T01:59:38.903,7.769e-05,7.7e-05,7.678e-05,426.61370493,237,681,10442.0,12763,3030,25433.28186532,0.8112389799999999,2.33876866366517,1.680770894826137
2017-11-30T02:00:13.427,7.701e-05,7.769e-05,7.6e-05,431.41704363,220,675,10420.0,12754,3031,25429.90075709,0.8024441999999999,0.5540484438022496,1.761495322302089
2017-11-30T02:00:43.297,7.75e-05,7.85e-05,7.75e-05,432.75965793,237,671,10442.0,12740,3026,25437.09286822,0.809255,2.4382273575972495,1.1270714783974207
2017-11-30T02:01:17.773,7.8e-05,7.798e-05,7.751e-05,434.52314657,247,670,10442.0,12750,3033,25436.21102383,0.814476,0.9848074212699829,2.279455862987758
2017-11-30T02:01:47.58,7.802e-05,7.979e-05,7.8e-05,435.10999558,253,675,10442.0,12763,3029,25435.89937178,0.81468484,3.051465241451095,3.8719996340624228
2017-11-30T02:02:20.623,7.807e-05,7.807e-05,7.75e-05,435.4231164,259,682,10409.0,12773,3033,25434.21620435,0.81263063,2.9602298534059037,0.9238261384326486
2017-11-30T02:02:42.227,7.75e-05,7.75e-05,7.61e-05,435.81291537,255,692,10331.40431692,12766,3041,25431.07898197,0.8006838345613,0.9893844829803536,1.535314454094299
2017-11-30T02:03:22.267,7.6e-05,7.6e-05,7.512e-05,436.30499296,245,706,10305.37999999,12763,3047,25431.33956324,0.78320887999924,0.6956170482331152,0.48280778631867866
2017-11-30T02:03:58.62,7.458e-05,7.4e-05,7.357e-05,437.60458948,228,705,10300.0,12749,3051,25433.03954075,0.7681739999999999,1.0095235393725905,1.384827310410395
2017-11-30T02:04:29.427,7.364e-05,7.35e-05,7.34e-05,438.90344052,222,704,10360.0,12760,3050,25433.96735048,0.7629104000000001,0.5212725114203168,1.0038242054352347
2017-11-30T02:05:06.263,7.221e-05,7.111e-05,7.102e-05,442.1062313,204,710,10350.0,12766,3050,25434.54434695,0.7473735,3.427870214377945,2.22807483591573
2017-11-30T02:05:39.553,7.2e-05,7.32e-05,7.2e-05,444.75686133,208,714,10350.0,12765,3053,25437.04393709,0.7452,1.9165423593280173,2.620121950251205
2017-11-30T02:06:09.8,7.111e-05,7.309e-05,7.29e-05,446.49462302,218,713,10350.0,12765,3056,25439.09397626,0.7359885,2.5660718824090925,1.9445021435576497
2017-11-30T02:07:07.21,7.4e-05,7.6e-05,7.27e-05,453.44506097,221,707,10340.0,12768,3065,25438.19339737,0.76516,2.243453268890242,2.619411920489911
2017-11-30T02:07:38.5,7.273e-05,7.424e-05,7.423e-05,455.16606872,238,714,10307.00000002,12775,3067,25430.7476897,0.7496281100014546,0.9979234356668312,1.7332751918404794
2017-11-30T02:08:11.06,7.42e-05,7.419e-05,7.301e-05,455.26093854,243,727,10307.00005001,12785,3066,25428.95667889,0.7647794037107419,1.3884176663444028,1.8379538804443865
2017-11-30T02:08:39.053,7.424e-05,7.424e-05,7.42e-05,455.53259547,252,721,10340.0,12794,3068,25426.02033844,0.7676415999999999,1.2485903491306813,3.509802352486717
2017-11-30T02:09:10.36,7.411e-05,7.423e-05,7.411e-05,456.36908313,259,718,10367.0,12787,3071,25423.96093021,0.7682983699999999,4.46166422180864,3.3905885876188004
2017-11-30T02:09:45.23,7.45e-05,7.45e-05,7.311e-05,456.99610094,258,725,10371.9,12806,3072,25415.63427362,0.7727065499999999,1.9425015768482585,1.6713391715455623
2017-11-30T02:10:16.943,7.524e-05,7.499e-05,7.3e-05,461.84315636,245,724,10372.9,12813,3065,25423.82102698,0.7804569960000001,2.4026190986310323,2.646892849302371
2017-11-30T02:10:40.72,7.542e-05,7.312e-05,7.309e-05,465.29757146,232,721,10409.0,12818,3058,25425.98590219,0.78504678,1.9799150731772917,1.9799370556149158
2017-11-30T02:11:19.29,7.498e-05,7.496e-05,7.35e-05,467.47322954,235,733,10409.0,12815,3059,25424.29636292,0.78046682,2.1058217701375757,2.4261719163767577
2017-11-30T02:11:48.27,7.3e-05,7.386e-05,7.351e-05,469.168113,234,750,10410.0,12819,3066,25428.09097334,0.75993,0.6916229843151995,5.451055028993274
2017-11-30T02:12:21.017,7.351e-05,7.35e-05,7.3e-05,469.67163873,240,756,10416.0,12824,3062,25429.69998697,0.76568016,0.6302105049071303,3.3275923369087383
2017-11-30T02:12:55.68,7.3e-05,7.3e-05,7.299e-05,470.02124851,240,759,10408.99999999,12818,3071,25433.80147655,0.7598569999992699,0.6618686685189886,1.799441403207926
2017-11-30T02:13:25.693,7.26e-05,7.26e-05,7.258e-05,470.29132703,245,750,10400.0,12819,3075,25433.38122736,0.75504,0.5971858567776939,4.9648607831038065
2017-11-30T02:13:56.907,7.26e-05,7.3e-05,7.202e-05,473.41146604,233,747,10372.9,12821,3082,25431.67200801,0.75307254,1.9219357890594058,1.3524827688506298
2017-11-30T02:14:30.133,7.151e-05,7.2e-05,7.151e-05,475.32198626,228,757,10373.0,12824,3089,25428.93739845,0.74177323,0.9123051069099135,2.652538157386715
2017-11-30T02:14:58.66,7.2e-05,7.151e-05,7.127e-05,476.56141368,229,760,10389.99999999,12822,3090,25430.64086961,0.74807999999928,0.5389032647252228,5.842714472815831
2017-11-30T02:15:36.547,7.127e-05,7.201e-05,7.151e-05,479.80317356,229,767,10374.0,12820,3095,25434.89599296,0.73935498,4.273189839522477,2.1391103275970877
2017-11-30T02:16:09.76,7.02e-05,7.15e-05,7.127e-05,481.0475856,229,774,10377.1122,12828,3101,25437.18489487,0.7284732764399999,5.870842130205693,3.5001613319428895
2017-11-30T02:16:44.863,7.2e-05,7.297e-05,7.201e-05,481.17960723,233,773,10377.11219999,12827,3099,25439.47812796,0.7471520783992801,1.089132479251841,2.6655858459120516
2017-11-30T02:17:37.137,7.2e-05,7.2e-05,7.127e-05,481.95583471,233,770,10362.50000002,12837,3091,25441.79193111,0.7461000000014401,1.3048194911557993,2.486544677499846
2017-11-30T02:18:08.27,7.295e-05,7.199e-05,7.023e-05,483.08735845,231,770,10381.05,12835,3088,25442.9637605,0.7572975974999999,5.157432337491084,1.5768202739488475
2017-11-30T02:18:38.203,7.199e-05,7.294e-05,7.2e-05,483.94146262,229,775,10387.99999998,12840,3090,25442.26360568,0.7478321199985601,1.9701272399547267,1.7169255987940921
2017-11-30T02:19:10.23,7.199e-05,7.198e-05,7.16e-05,485.38203205,237,774,10370.99999998,12842,3088,25444.82558011,0.7466082899985601,1.4937974743522218,2.5957304642896344
2017-11-30T02:19:40.007,7.16e-05,7.159e-05,7.077e-05,485.70604069,238,776,10370.99999998,12843,3087,25445.59051468,0.742563599998568,2.4007072609838813,4.03666777116289
2017-11-30T02:20:14.97,7.077e-05,7.106e-05,7.077e-05,486.09041337,236,779,10370.99999998,12849,3087,25445.30278467,0.7339556699985846,2.209910054434055,3.0789856755067846
2017-11-30T02:20:46.747,7.06e-05,7.06e-05,7.05e-05,486.79180727,234,786,10371.0,12852,3083,25444.98614084,0.7321926,4.111810384864318,3.4331741304507037
2017-11-30T02:21:20.68,7.008e-05,7.021e-05,7.008e-05,489.07190018,225,780,10330.0,12857,3103,25435.88196911,0.7239264000000001,4.360276260463363,3.861185744499282
2017-11-30T02:21:51.41,7.008e-05,7.007e-05,7.005e-05,490.13780268,228,775,10307.00000002,12853,3110,25439.06899913,0.7223145600014017,4.844488042849849,4.614589957216178
2017-11-30T02:22:24.67,6.99e-05,7e-05,6.99e-05,493.95686484,205,785,10300.50000002,12857,3106,25438.6920532,0.7200049500013981,2.2387571870037113,3.5478394809988427
2017-11-30T02:22:56.18,6.943e-05,6.96e-05,6.95e-05,494.78871441,204,782,10300.50000002,12862,3104,25440.73655517,0.7151637150013886,2.203924156848421,3.2144671172432675
2017-11-30T02:23:23.66,6.927e-05,6.926e-05,6.9e-05,496.561737,198,791,10330.0,12857,3107,25446.71937287,0.7155591000000001,0.8617658350242647,1.7998849608899214
2017-11-30T02:23:51.483,6.87e-05,6.86e-05,6.831e-05,498.83670592,198,795,10330.0,12865,3106,25446.93606337,0.709671,1.0837105788747599,2.1670684813054053
2017-11-30T02:24:24.293,6.75e-05,6.8e-05,6.75e-05,499.63087357,192,790,10330.0,12867,3110,25446.88043905,0.697275,1.357511019609971,1.5685623356976057
2017-11-30T02:25:01.553,6.771e-05,6.8e-05,6.75e-05,501.8004357,202,781,10330.0,12864,3104,25452.88277716,0.6994443,3.1827276605391264,2.011985491940331
2017-11-30T02:25:32.767,6.89e-05,6.926e-05,6.873e-05,503.47468217,208,779,10330.0,12869,3103,25457.7183394,0.711737,0.79377194034668,0.8820994298411072
2017-11-30T02:26:04.013,6.926e-05,6.926e-05,6.899e-05,504.87658183,210,784,10310.0,12869,3097,25462.67739545,0.7140706,1.1691754307342546,0.6495418626324303
2017-11-30T02:26:36.15,6.9e-05,6.916e-05,6.9e-05,506.17971761,213,794,10250.0,12855,3100,25472.8585933,0.7072499999999999,1.71442056772049,0.7953618487149163
2017-11-30T02:27:10.66,7.021e-05,7.019e-05,6.987e-05,508.5193517,216,790,10175.0,12831,3102,25481.51623044,0.71438675,0.7391321142528402,1.0479249480941628
2017-11-30T02:28:05.743,6.902e-05,7.175e-05,7.02e-05,513.53422719,209,804,10170.00000002,12803,3113,25521.78227978,0.7019334000013804,0.8548647124805995,1.6258487397361092
2017-11-30T02:28:38.663,7.15e-05,7.049e-05,7e-05,513.97040732,212,815,10171.01700002,12807,3109,25524.0370381,0.72722771550143,1.1853836496455639,1.9354530304448696
2017-11-30T02:29:10.097,7e-05,7.1e-05,7e-05,514.26242964,220,827,10180.0,12812,3114,25523.56046214,0.7125999999999999,1.9367052358842558,1.6683320283394847
2017-11-30T02:29:41.967,6.912e-05,6.912e-05,6.91e-05,515.01500224,219,829,10170.00000002,12822,3119,25518.92855845,0.7029504000013824,3.755717671370614,1.9534478657084842
2017-11-30T02:30:23.023,7.1e-05,7.149e-05,7.13e-05,515.50906089,221,830,10195.38620732,12836,3110,25518.91866741,0.72387242071972,2.246553212611035,2.098479515317894
2017-11-30T02:30:48.863,7.149e-05,7.18e-05,7.15e-05,518.20621956,229,830,10200.01,12834,3106,25520.93307077,0.7291987149,4.169909009386784,1.5305461218678695
2017-11-30T02:31:21.937,7.35e-05,7.35e-05,7.3e-05,520.94560956,223,821,10212.0,12835,3110,25520.04830041,0.750582,1.7413733968031608,2.3708458139928674
2017-11-30T02:31:59.37,7.399e-05,7.35e-05,7.3e-05,522.82898347,215,821,10252.71806064,12827,3114,25527.09772978,0.7585986093067536,0.6837974921960517,3.097511192519826
2017-11-30T02:32:30.397,7.1e-05,7.255e-05,7.12e-05,523.29618909,220,830,10248.0,12837,3123,25529.81446214,0.727608,1.6900087096044967,1.9171245654176836
2017-11-30T02:32:54.393,7.15e-05,7.299e-05,7.15e-05,523.30973421,230,832,10240.0,12842,3122,25523.42414912,0.73216,2.082088246745018,1.654521172887984
2017-11-30T02:33:30.403,7.25e-05,7.277e-05,7.255e-05,523.7731158,231,839,10240.0,12850,3114,25525.52052054,0.7424,0.8613091366321508,1.3560995119013206
2017-11-30T02:34:01.463,7.2e-05,7.228e-05,7.153e-05,525.27950977,227,841,10230.0,12850,3120,25527.15479934,0.73656,0.7220057713738347,1.3985172332948834
2017-11-30T02:34:34.363,7.25e-05,7.25e-05,7.249e-05,526.16062049,230,841,10230.0,12841,3122,25531.46997825,0.741675,1.003877906297902,1.568291767999148
2017-11-30T02:35:03.813,7.3e-05,7.326e-05,7.251e-05,526.49063754,233,841,10201.00000007,12844,3123,25536.76697996,0.74467300000511,3.0093453338127576,1.9514661385367151
2017-11-30T02:35:34.013,7.198e-05,7.153e-05,7.15e-05,527.93628769,228,844,10250.0,12856,3119,25540.20785761,0.737795,0.694128928480864,1.4373734328548666
2017-11-30T02:36:02.727,7.01e-05,7.01e-05,7.001e-05,528.16344364,216,848,10286.99999996,12860,3120,25540.18273956,0.721118699997196,0.8455675072402291,1.6804158484197882
2017-11-30T02:36:41.55,6.902e-05,6.999e-05,6.913e-05,529.24212124,212,857,10300.0,12871,3110,25548.67928935,0.710906,1.0679679609489536,2.4365577294401017
2017-11-30T02:37:12.017,6.978e-05,6.978e-05,6.902e-05,529.55213353,215,865,10300.0,12874,3112,25551.628318,0.718734,0.5348923216966136,1.7815727469907428
2017-11-30T02:37:43.073,7.01e-05,7.115e-05,7.01e-05,529.73608135,237,861,10358.342554,12882,3100,25556.11831226,0.7261198130354,2.9229967576004694,1.825563607231673
2017-11-30T02:38:34.693,7.01e-05,7.092e-05,7.01e-05,530.53092637,234,864,10390.33104198,12885,3105,25558.32504096,0.728362206042798,3.4277246844619236,1.1779734851736494
2017-11-30T02:39:05.563,7.001e-05,7.092e-05,7.001e-05,531.88478672,237,871,10394.411,12875,3105,25561.2393477,0.72771271411,2.020503316789029,0.7259201814777835
2017-11-30T02:39:25.703,7.001e-05,7.092e-05,7.021e-05,531.88478672,237,871,10419.99999998,12869,3092,25575.38901075,0.7295041999985998,1.557011952357543,1.0375127440302636
2017-11-30T02:40:11.48,7.153e-05,7.153e-05,7.055e-05,532.08612719,244,877,10390.33104197,12850,3098,25573.4314989,0.743220379432114,1.1115907108268532,1.5103260167692625
2017-11-30T02:40:42.333,7.023e-05,7.1e-05,7.001e-05,532.15771232,237,886,10390.33104197,12857,3104,25568.93540152,0.729712949077553,1.5700565449731667,1.7334198864587687
2017-11-30T02:41:14.127,7e-05,7.023e-05,7.01e-05,533.55113823,236,887,10349.99999999,12872,3109,25568.16886897,0.7244999999992999,1.3082230752666602,2.007210332268833
2017-11-30T02:41:45.857,7.023e-05,7.075e-05,7.059e-05,533.66692123,243,893,10358.82999999,12896,3115,25568.83564791,0.7275006308992976,1.9166974876687402,2.0099460721071227
2017-11-30T02:42:14.073,7.099e-05,7.099e-05,7.077e-05,534.11709016,249,890,10374.50745259,12901,3117,25567.90731018,0.736486284059364,1.827390769308762,1.5485623265946908
2017-11-30T02:42:47.727,7.02e-05,7.075e-05,7.02e-05,535.03014871,236,889,10350.34307687,12904,3119,25565.44698658,0.726594083996274,1.1394476804694715,1.6688264691269998
2017-11-30T02:43:17.66,7.016e-05,7.074e-05,7e-05,535.42697799,234,893,10350.34307687,12915,3123,25559.72588694,0.7261800702731993,0.8538902601283196,2.1603983615479243
2017-11-30T02:43:47.14,6.988e-05,6.978e-05,6.935e-05,536.19301265,225,899,10370.50745259,12916,3125,25552.50305583,0.7246910607869892,0.6597304796818249,1.7738536505306377
2017-11-30T02:44:16.747,6.951e-05,6.957e-05,6.951e-05,536.73260055,226,908,10370.50745259,12926,3124,25530.58160267,0.7208539730295309,2.1010251230266888,1.7462993692133584
2017-11-30T02:44:50.523,6.953e-05,6.953e-05,6.951e-05,537.26055002,224,906,10375.50745259,12921,3127,25522.29109421,0.7214090331785826,2.1015247012425333,1.508872213756436
2017-11-30T02:45:22.16,6.932e-05,6.932e-05,6.915e-05,538.14067222,220,911,10388.99999999,12931,3130,25513.81605208,0.7201654799993067,0.6649975774029903,1.6627912893840364
2017-11-30T02:45:44.157,6.953e-05,7.074e-05,6.953e-05,539.0997307,223,908,10385.0,12937,3130,25509.25960002,0.7220690499999999,0.9896828376842007,1.8406703300940526
2017-11-30T02:46:21.543,6.953e-05,7.05e-05,6.954e-05,539.10169372,225,908,10375.50745259,12932,3128,25494.88770025,0.7214090331785826,1.4585280748624208,2.2870488197066194
2017-11-30T02:46:53.23,6.932e-05,6.932e-05,6.919e-05,539.24820332,228,916,10370.0,12935,3132,25459.34031647,0.7188483999999999,1.3234664702505397,2.169683638233642
2017-11-30T02:47:23.663,6.999e-05,6.999e-05,6.932e-05,539.31289845,242,917,10370.0,12927,3139,25413.86405463,0.7257963,1.603082613121077,2.0301287240259125
2017-11-30T02:47:57.44,6.999e-05,7.048e-05,6.999e-05,539.57308075,246,917,10360.0,12928,3143,25374.93829068,0.7250964,1.6378956944783176,1.9985398755653179
2017-11-30T02:48:28.17,7.047e-05,7.048e-05,7.047e-05,539.75302862,246,919,10350.34307687,12931,3136,25308.12275832,0.7293886766270289,1.5367034770831531,3.147574479846966
2017-11-30T02:49:02.067,7e-05,7.04e-05,7e-05,540.14907525,240,921,10339.0,12935,3143,25300.01085157,0.72373,0.9670931995183916,3.5652483086880653
2017-11-30T02:49:38.853,7e-05,7.039e-05,7e-05,540.3084039,239,924,10339.0,12934,3150,25293.00005346,0.72373,1.5199777581176899,5.606009629555235
2017-11-30T02:50:13.383,7.04e-05,7.039e-05,7e-05,541.01843674,236,923,10338.38100002,12942,3150,25291.97347194,0.727822022401408,1.2835561410181862,5.662937850404377
2017-11-30T02:50:45.307,6.995e-05,6.995e-05,6.933e-05,541.53508267,235,923,10320.19529759,12943,3149,25271.59371952,0.7218976610664206,1.2395022617848002,5.715826698217392
2017-11-30T02:51:02.16,6.994e-05,6.973e-05,6.933e-05,541.79936932,236,923,10339.0,12944,3152,25272.63544928,0.72310966,1.2193932617848002,2.666259731836766
2017-11-30T02:51:52.247,6.915e-05,6.933e-05,6.915e-05,542.32381275,230,923,10339.0,12948,3150,25271.14502054,0.71494185,1.026198394304078,2.750372949406985
2017-11-30T02:52:16.737,6.933e-05,6.994e-05,6.917e-05,542.62894054,234,925,10360.0,12948,3145,25270.80638404,0.7182588,0.9482101442832501,2.991744943741101
2017-11-30T02:52:54.123,6.973e-05,6.95e-05,6.681e-05,545.7310639,204,924,10350.34307687,12946,3144,25265.53492876,0.7217294227501451,2.8389571467162704,1.2755781122729815
2017-11-30T02:53:27.44,6.9e-05,6.9e-05,6.717e-05,545.81223567,219,932,10359.0,12951,3139,25258.72004308,0.7147709999999999,2.0083072561988438,1.4497496112491197
2017-11-30T02:53:55.13,6.724e-05,6.85e-05,6.8e-05,545.93782135,230,937,10359.0,12957,3137,25260.18646715,0.69653916,2.057504360454704,1.1833069525401743
2017-11-30T02:54:29.643,6.871e-05,6.829e-05,6.8e-05,546.55400399,229,933,10370.00000003,12973,3146,25259.01227881,0.7125227000020613,0.573036327468715,1.2185826027242899
2017-11-30T02:54:56.71,6.871e-05,6.9e-05,6.85e-05,547.03144942,231,934,10370.00000003,12973,3146,25259.01227881,0.7125227000020613,4.388339263483432,1.2060432152881964
2017-11-30T02:55:24.963,6.879e-05,6.877e-05,6.829e-05,547.25329943,234,936,10395.0,12977,3147,25237.58866315,0.71507205,4.2206122917635165,1.0581384567473378
2017-11-30T02:56:01.95,6.827e-05,6.879e-05,6.806e-05,547.97233211,237,933,10395.0,12979,3144,25228.0723169,0.70966665,1.0417855251167416,1.5776131993807003
2017-11-30T02:56:32.483,6.83e-05,6.82e-05,6.806e-05,548.59597144,244,934,10395.0,12982,3150,25220.79338927,0.7099785000000001,1.3128095793574457,1.4434688393422563
2017-11-30T02:57:03.187,6.83e-05,6.878e-05,6.83e-05,549.65064099,246,936,10390.077,12981,3152,25219.54822199,0.7096422591,0.3923722878439548,2.0061156772330793
2017-11-30T02:57:35.737,6.878e-05,6.857e-05,6.82e-05,549.93131176,242,936,10389.0,12972,3156,25218.95030204,0.71455542,9.114717038070877,2.012729242990802
2017-11-30T02:58:02.367,6.899e-05,6.878e-05,6.856e-05,550.31113866,249,934,10389.0,12974,3152,25214.71743974,0.7167371100000001,0.8824817065856799,1.6466455871377381
2017-11-30T02:58:35.913,6.83e-05,6.857e-05,6.85e-05,551.04728653,250,933,10389.0,12977,3155,25212.96211865,0.7095687,0.5356151747147735,1.245585566562958
2017-11-30T02:59:38.78,6.877e-05,6.898e-05,6.877e-05,552.06086259,256,939,10360.0,12984,3160,25203.66493294,0.7124571999999999,2.1857700421801383,1.5458835184084112
2017-11-30T03:00:11.61,6.879e-05,6.879e-05,6.877e-05,552.94608987,253,943,10335.00000002,12991,3158,25201.18932114,0.7109446500013757,3.127477156227456,1.570528834700106
2017-11-30T03:00:32.303,6.902e-05,6.881e-05,6.879e-05,553.47235025,258,938,10387.999999,12994,3159,25195.74890031,0.71697975993098,2.889361873939826,1.7209862674847063
2017-11-30T03:01:12.583,6.86e-05,6.902e-05,6.881e-05,554.17394459,253,942,10375.50000001,12995,3165,25189.05186004,0.7117593000006861,4.032943537704561,2.5167539073291643
2017-11-30T03:01:45.807,6.881e-05,6.901e-05,6.861e-05,554.79180275,254,941,10387.999999,12993,3167,25181.40167384,0.7147982799311899,6.999246223417137,1.7837362153739864
2017-11-30T03:02:18.667,6.95e-05,7.039e-05,7.007e-05,555.56454202,256,932,10389.0,12998,3153,25203.28597884,0.7220354999999999,5.857165788194388,2.6768287668999777
2017-11-30T03:02:47.11,6.994e-05,7.014e-05,7e-05,557.3765665,249,924,10400.0,12996,3142,25214.64050962,0.727376,1.9384055084692775,1.8044160949902537
2017-11-30T03:03:22.593,7.199e-05,7.199e-05,7.15e-05,560.985204,245,913,10400.00000004,13002,3126,25221.06642456,0.7486960000028795,6.1513394078595915,1.627957155014101
2017-11-30T03:03:51.63,7.299e-05,7.299e-05,7.2e-05,563.26231333,241,903,10450.00000001,12991,3101,25214.08959239,0.76274550000073,9.773890088024194,1.7711945956227244
2017-11-30T03:04:15.917,7.228e-05,7.228e-05,7.2e-05,567.00890131,240,899,10465.0,12985,3099,25218.35713986,0.7564102,5.647918247191175,1.5964467958325625
2017-11-30T03:04:48.967,7.15e-05,7.15e-05,7.014e-05,568.40479718,243,908,10469.99999998,12968,3098,25218.70901094,0.74860499999857,5.679295453353838,1.4906859878350485
2017-11-30T03:05:23.61,7.177e-05,7.15e-05,7.021e-05,568.53965701,253,909,10462.5,12982,3113,25216.0855062,0.750893625,2.7951164704542166,1.5660823336660055
2017-11-30T03:05:55.097,7.153e-05,7.153e-05,7.05e-05,568.76046453,253,911,10462.49999999,12990,3110,25220.9308985,0.7483826249992847,2.4164332437079015,2.137078492028975
2017-11-30T03:06:28.07,7.131e-05,7.154e-05,7.107e-05,569.12585826,258,906,10449.99999995,13001,3123,25222.60080274,0.7451894999964346,2.009672377626218,1.3689252541506627
2017-11-30T03:06:51.293,7.111e-05,7.15e-05,7.111e-05,570.49599937,256,911,10440.84199275,13013,3120,25218.74400677,0.7424482741044525,1.8858445567570832,1.3594862261607727
2017-11-30T03:07:23.53,7.128e-05,7.128e-05,7.114e-05,570.58219392,258,916,10450.0,13009,3110,25219.45640499,0.744876,1.34157671983743,2.065396522803429
2017-11-30T03:08:03.063,7.114e-05,7.128e-05,7.114e-05,571.50731523,248,920,10448.0,13006,3120,25215.16268682,0.74327072,0.947391519489349,2.623851437834515
2017-11-30T03:08:33.74,7.128e-05,7.176e-05,7.11e-05,571.70628936,246,920,10420.0,13009,3118,25215.18930308,0.7427376,0.8439358973927712,2.4839916824574524
2017-11-30T03:09:04.073,7.106e-05,7.084e-05,7.067e-05,571.90471319,248,922,10448.0,13009,3124,25214.16512864,0.74243488,1.838099666257263,2.6329183772634748
2017-11-30T03:10:04.877,7.066e-05,7.061e-05,7.055e-05,572.60209421,253,924,10420.0,13004,3123,25206.68249801,0.7362772000000001,3.3417582324853563,2.914615720005388
2017-11-30T03:10:39.35,7.055e-05,7.034e-05,7.016e-05,572.78909567,252,926,10419.0,13004,3130,25199.42751169,0.73506045,3.33325454230405,2.597183115630005
2017-11-30T03:11:17.29,7.056e-05,7.056e-05,7.055e-05,573.09071181,253,926,10402.0,13011,3129,25191.40713223,0.73396512,2.714789730747248,2.5031873032932346
2017-11-30T03:11:49.15,7.056e-05,7.105e-05,7.056e-05,573.17216002,255,929,10402.10000001,13013,3133,25191.17629278,0.7339721760007055,2.377727524829678,3.099656211198242
2017-11-30T03:12:12.113,7.105e-05,7.083e-05,7.056e-05,573.44606978,257,930,10418.0,13013,3135,25189.17728305,0.7401989000000001,5.17772546780242,2.502929272278031
2017-11-30T03:12:48.333,7.061e-05,7.061e-05,7.056e-05,573.65869962,255,938,10410.0,13017,3138,25182.91734156,0.7350501,5.173277317204025,2.8727438726748766
2017-11-30T03:13:24.883,7.15e-05,7.107e-05,7.061e-05,573.86277437,257,940,10410.00000001,13019,3139,25179.29373156,0.744315000000715,3.9303098100101366,3.4752361349844496
2017-11-30T03:13:56.997,7.085e-05,7.1e-05,7.085e-05,574.1677945,263,940,10410.00000001,13025,3145,25178.00345882,0.7375485000007086,0.6646710226463116,3.8178632930530334
2017-11-30T03:14:24.643,7.061e-05,7.061e-05,7.06e-05,574.33373898,257,946,10415.0,13032,3142,25176.36385042,0.73540315,2.454704024103703,2.5078591941665804
2017-11-30T03:14:57.38,7.038e-05,7.037e-05,7.016e-05,574.87446789,253,948,10399.72499999,13021,3151,25174.26459373,0.7319326454992962,2.2503939737856014,2.6889445629179507
2017-11-30T03:15:34.79,7.037e-05,7.015e-05,7.011e-05,575.5457542,249,947,10370.0,13022,3148,25153.68268919,0.7297369,2.4180904324213075,2.713774072408384
2017-11-30T03:16:05.547,7e-05,6.923e-05,6.913e-05,576.01181064,242,954,10350.0,13016,3150,25154.55463659,0.7244999999999999,2.533798020186362,4.381764072053592
2017-11-30T03:16:35.317,6.914e-05,6.914e-05,6.913e-05,577.03134288,240,953,10333.00000001,13014,3157,25148.48327396,0.7144236200006915,6.127920699859279,3.3566920833970584
2017-11-30T03:17:08.837,6.934e-05,6.934e-05,6.915e-05,577.24641946,246,958,10320.0,13013,3158,25135.45192036,0.7155887999999999,5.7856848143342985,3.4575032106540284
2017-11-30T03:17:30.093,6.955e-05,6.955e-05,6.934e-05,577.44881796,249,962,10325.0,13015,3150,25130.85374233,0.7181037499999999,8.454750650633464,3.2606412433561474
2017-11-30T03:18:12.033,6.955e-05,6.955e-05,6.934e-05,577.97624315,247,963,10320.0,13019,3151,25126.30477302,0.717756,5.4548450204072205,2.6305506466128614
2017-11-30T03:18:38.43,6.954e-05,6.954e-05,6.934e-05,579.22362106,244,967,10319.0,13024,3158,25127.88594153,0.7175832600000001,5.679103052019326,1.4735992505076185
2017-11-30T03:19:11.45,7.011e-05,7.01e-05,7e-05,580.27613072,247,965,10300.33104197,13026,3164,25122.99136687,0.7221562093525167,5.7887546514833295,2.3694201177170937
2017-11-30T03:19:44.113,7.011e-05,7.011e-05,6.936e-05,580.93930132,248,967,10300.33104197,13029,3168,25119.97970827,0.7221562093525167,5.706573690583221,2.380485056540267
2017-11-30T03:20:39.093,6.956e-05,7.049e-05,6.957e-05,581.56673525,251,966,10318.0,13031,3163,25115.23595848,0.7177200800000001,1.809609339684053,2.3762839744955793
2017-11-30T03:21:12.753,7.011e-05,7.011e-05,6.977e-05,581.72827095,251,970,10318.0,13036,3165,25116.99923153,0.72339498,1.9604943742756764,3.3190592026590373
2017-11-30T03:21:35.23,7.05e-05,7.05e-05,7.011e-05,582.66639127,251,969,10313.00000003,13038,3159,25117.10258523,0.7270665000021151,1.9683613575847696,2.7024806292691337
2017-11-30T03:22:07.143,6.999e-05,7.011e-05,6.999e-05,583.03787278,244,972,10300.33104197,13043,3159,25116.57018752,0.7209201696274803,1.8561644634102257,2.826232720427313
2017-11-30T03:22:32.573,7.01e-05,7.011e-05,7.01e-05,583.0636528,255,976,10300.33104197,13051,3149,25116.37961155,0.7220532060420969,2.0347360451612495,3.217372548180227
2017-11-30T03:23:18.183,7e-05,7e-05,6.999e-05,583.30408068,253,980,10300.0,13037,3153,25137.06641288,0.721,2.0335353529150066,3.044866717426238
2017-11-30T03:23:40.207,7e-05,7.011e-05,7.01e-05,583.37694306,257,980,10310.0,13022,3155,25141.94917809,0.7216999999999999,1.9724875343743404,3.3751174479985284
2017-11-30T03:24:20.147,7.01e-05,7.05e-05,7.011e-05,583.75313382,255,974,10318.0,13026,3149,25140.51073308,0.7232917999999999,2.404018494438112,3.6959361173315783
2017-11-30T03:24:50.433,7.05e-05,7.05e-05,7.011e-05,584.01568769,259,973,10325.0,13036,3146,25139.55111369,0.7279125000000001,2.6177182760128255,2.933556705522508
2017-11-30T03:25:24.893,7.011e-05,7.05e-05,7.014e-05,584.38447434,256,974,10355.975,13039,3145,25136.77421939,0.7260574072500001,2.3326908373217927,10.600573293771221
2017-11-30T03:25:56.1,6.956e-05,6.956e-05,6.955e-05,586.0584983,237,973,10397.5034891,13037,3146,25140.2196656,0.723250342701796,1.8544365045233886,9.985201790217182
2017-11-30T03:26:29.78,7.014e-05,7.014e-05,6.957e-05,586.56276176,247,980,10360.0,13032,3151,25135.53538509,0.7266504,5.597072662432425,10.09466220161733
2017-11-30T03:27:04.47,7.011e-05,7.01e-05,6.97e-05,590.43494565,231,973,10360.0,13033,3152,25132.25032586,0.7263396000000001,4.236794629303152,31.688332860191025
2017-11-30T03:27:29.23,6.911e-05,6.955e-05,6.905e-05,593.53947055,228,975,10370.0,13033,3155,25128.91688565,0.7166706999999999,1.2871584720808027,11.174653553637025
2017-11-30T03:27:59.987,6.8e-05,6.874e-05,6.861e-05,595.68313432,213,979,10370.0,13031,3154,25126.91172198,0.70516,0.5649265781811958,16.926920469011122
2017-11-30T03:28:30.087,6.87e-05,6.87e-05,6.8e-05,596.20826913,217,979,10370.0,13034,3162,25126.86370273,0.712419,0.8455215519407983,15.436719550172558
2017-11-30T03:29:07.653,6.87e-05,6.87e-05,6.8e-05,596.2405086,226,982,10370.0,13035,3166,25124.4743275,0.712419,1.2471562269911198,16.123481590332634
2017-11-30T03:29:40.41,6.874e-05,6.874e-05,6.87e-05,596.58768747,234,980,10350.0,13028,3167,25128.35774996,0.711459,1.3199916598439079,11.448379201240591
2017-11-30T03:30:02.167,6.9e-05,6.9e-05,6.878e-05,596.69267104,237,984,10370.0,13027,3164,25128.57623883,0.71553,4.159792072334678,11.74214033177941
2017-11-30T03:31:05.477,6.878e-05,6.9e-05,6.878e-05,597.65243019,232,985,10386.0,13027,3169,25117.59539213,0.71434908,3.322030377274462,12.613772302668353
2017-11-30T03:31:39.78,6.874e-05,6.878e-05,6.874e-05,598.40756695,235,989,10386.0,13028,3171,25116.81797143,0.7139336399999999,3.4795337896696674,10.757519608682593
2017-11-30T03:32:11.863,6.9e-05,6.9e-05,6.8e-05,599.53433681,227,992,10380.0,13027,3172,25115.20178999,0.71622,4.383156686145576,10.88536449475756
2017-11-30T03:32:44.277,6.9e-05,6.899e-05,6.805e-05,599.62230621,235,997,10386.0,13036,3173,25114.12525506,0.716634,5.127277176898866,3.3604028940270667
2017-11-30T03:33:15.253,6.887e-05,6.887e-05,6.83e-05,599.69951193,240,1005,10386.0,13033,3173,25113.4091586,0.71528382,6.791515014829172,2.9321807114931353
2017-11-30T03:33:41.84,6.805e-05,6.89e-05,6.887e-05,602.10853037,234,1004,10387.7,13035,3170,25113.0185271,0.706882985,4.785259021839896,2.9162224368212883
2017-11-30T03:34:23.233,6.88e-05,6.89e-05,6.76e-05,603.62736786,231,1004,10387.99999999,13041,3168,25115.29781673,0.714694399999312,0.9651053270237979,9.327973263260683
2017-11-30T03:34:51.583,6.88e-05,6.889e-05,6.88e-05,607.09075425,230,1010,10387.7,13036,3170,25109.72646476,0.7146737600000002,1.1066757909076772,9.960878667416805
2017-11-30T03:35:25.06,6.888e-05,6.9e-05,6.888e-05,607.81184658,235,1003,10387.00000001,13035,3172,25110.50938285,0.7154565600006889,0.9336915186099228,10.954700689031739
2017-11-30T03:35:57.503,6.88e-05,6.88e-05,6.789e-05,608.16404754,235,1006,10388.0,13036,3165,25106.02006693,0.7146944000000001,1.251300618190687,13.721228021796621
2017-11-30T03:36:31.337,6.87e-05,6.87e-05,6.724e-05,610.21673748,230,1008,10390.09999999,13039,3165,25106.78618758,0.713799869999313,1.3332582098710681,10.611947623023559
2017-11-30T03:36:56.207,6.721e-05,6.87e-05,6.726e-05,610.39267552,235,1004,10388.0,13039,3162,25105.80284962,0.69817748,1.210880691034106,10.64169807070425
2017-11-30T03:37:32.773,6.869e-05,6.868e-05,6.735e-05,610.39926303,242,1004,10388.0,13042,3157,25099.11387935,0.7135517199999999,1.0791234763796715,10.466717716737524
2017-11-30T03:38:03.89,6.869e-05,6.861e-05,6.751e-05,610.39926303,242,1004,10389.0,13040,3160,25080.27755745,0.71362041,1.0043910184197256,10.837268934158741
2017-11-30T03:38:35.647,6.752e-05,6.859e-05,6.78e-05,610.40743946,247,1005,10390.0,13042,3158,25077.61067928,0.7015328000000001,0.8553729684161286,16.858929796231518
2017-11-30T03:39:07.607,6.78e-05,6.855e-05,6.78e-05,610.4152487,240,1008,10390.0,13044,3165,25075.69614556,0.7044419999999999,1.7404102051085528,16.568170024096506
2017-11-30T03:39:42.143,6.85e-05,6.85e-05,6.78e-05,610.4329331,248,1007,10392.0,13042,3161,25067.41851938,0.7118519999999999,1.948327459260402,10.319306275969659
2017-11-30T03:40:12.997,6.85e-05,6.85e-05,6.79e-05,611.5888564,245,1008,10389.0,13047,3163,25062.15846756,0.7116465,0.9574717419906967,9.981151849086148
2017-11-30T03:40:45.567,6.75e-05,6.75e-05,6.735e-05,612.52937748,240,1007,10389.0,13050,3164,25053.70967679,0.7012575,0.7372730631652358,11.556195121039623
2017-11-30T03:41:40.05,6.714e-05,6.848e-05,6.714e-05,613.41649465,230,1002,10400.0,13050,3166,25061.25936698,0.698256,1.152763599293018,11.036738257773843
2017-11-30T03:42:12.12,6.72e-05,6.848e-05,6.72e-05,613.62643853,235,1007,10399.0,13044,3172,25051.5849677,0.6988127999999999,1.3474868513642855,12.172109108847641
2017-11-30T03:42:43.83,6.72e-05,6.846e-05,6.721e-05,613.62643853,235,1007,10387.0,13039,3177,25046.75892872,0.6980063999999999,1.2535285183402987,11.714612212198453
2017-11-30T03:43:11.323,6.75e-05,6.846e-05,6.75e-05,613.65903335,240,1011,10386.0,13040,3183,25041.49316835,0.701055,0.9517923558155298,11.63080151751599
2017-11-30T03:43:45.94,6.8e-05,6.8e-05,6.753e-05,613.71026777,244,1015,10386.0,13041,3179,25041.61196159,0.706248,1.1079497673468564,9.651722580333086
2017-11-30T03:44:18.323,6.8e-05,6.8e-05,6.75e-05,613.83062105,244,1017,10386.0,13051,3181,25025.53164997,0.706248,0.9293633431164705,9.271196822387001
2017-11-30T03:44:30.257,6.75e-05,6.838e-05,6.75e-05,613.90960116,244,1013,10389.0,13057,3179,25023.65123242,0.7012575,1.1022249539179605,9.019829158744772
2017-11-30T03:45:21.15,6.75e-05,6.838e-05,6.751e-05,613.97278098,247,1016,10399.9,13057,3182,25021.95454049,0.70199325,0.9894071389818238,9.23656751920621
2017-11-30T03:45:46.567,6.729e-05,6.728e-05,6.725e-05,614.41312208,246,1018,10400.0,13063,3181,25020.4967377,0.699816,1.018451670526345,9.354357846949723
2017-11-30T03:46:18.12,6.711e-05,6.711e-05,6.702e-05,615.45170666,221,1020,10399.0,13058,3187,25025.05083827,0.69787689,2.196602175890818,8.595898289820394
2017-11-30T03:46:53.58,6.729e-05,6.829e-05,6.711e-05,615.54718022,222,1016,10386.0,13054,3191,25018.69294891,0.69887394,1.4521265240191028,9.127642300819465
2017-11-30T03:47:20.963,6.829e-05,6.82e-05,6.729e-05,615.55673885,231,1016,10386.0,13055,3191,25019.32820998,0.70925994,1.5564503006469146,2.836606970358616
2017-11-30T03:47:58.22,6.829e-05,6.813e-05,6.729e-05,615.55673885,231,1016,10386.0,13060,3187,25018.96228608,0.70925994,1.7033154930573733,7.721976134916747
2017-11-30T03:48:18.14,6.729e-05,6.81e-05,6.729e-05,616.55905529,233,1017,10390.0,13066,3186,25011.23983327,0.6991431,2.5613921909009205,7.543646311504784
2017-11-30T03:48:53.52,6.73e-05,6.799e-05,6.73e-05,617.48816033,232,1024,10400.0,13066,3184,25014.06891102,0.69992,1.3435901138759712,8.075717395185428
2017-11-30T03:49:05.22,6.73e-05,6.799e-05,6.73e-05,617.52181033,238,1021,10399.0,13066,3185,25005.36649751,0.6998527,1.9217525703351805,8.343758731106416
2017-11-30T03:50:04.753,6.719e-05,6.715e-05,6.713e-05,617.64006593,238,1025,10395.0,13070,3189,25001.78976846,0.69844005,2.490874309490975,8.350037675310286
2017-11-30T03:50:32.42,6.701e-05,6.719e-05,6.701e-05,619.52351475,231,1027,10399.0,13075,3187,24999.86252221,0.69683699,2.730284318848145,8.253315429535451
2017-11-30T03:51:04.833,6.701e-05,6.798e-05,6.701e-05,620.74795956,225,1026,10395.0,13073,3190,24998.6967471,0.69656895,1.9628722203381235,8.177818395877798
2017-11-30T03:52:03.21,6.797e-05,6.796e-05,6.72e-05,621.07736765,229,1029,10399.0,13071,3187,24996.66631975,0.70682003,1.9055466430105172,8.21016361203939
2017-11-30T03:52:38.403,6.796e-05,6.795e-05,6.72e-05,621.16006588,231,1036,10399.0,13076,3188,24992.23478918,0.7067160400000001,2.1613111042600313,8.587334100023073
2017-11-30T03:53:11.46,6.796e-05,6.797e-05,6.72e-05,622.03594344,227,1032,10397.2,13072,3190,24987.14099693,0.7065937120000001,2.036043840824617,8.79636548932551
2017-11-30T03:53:42.28,6.796e-05,6.796e-05,6.722e-05,622.04044537,227,1036,10396.0,13078,3190,24985.07743534,0.7065121600000001,0.9180514852552193,2.940969848521497
2017-11-30T03:54:20.677,6.795e-05,6.795e-05,6.735e-05,622.04192552,229,1038,10396.0,13085,3187,24987.94536103,0.7064081999999999,1.1136862656341924,8.72180579865226
2017-11-30T03:54:48.187,6.79e-05,6.79e-05,6.73e-05,622.59076048,229,1039,10390.2,13087,3189,24985.42741357,0.70549458,0.9769520043804862,8.08124510217416
2017-11-30T03:55:26.29,6.73e-05,6.78e-05,6.734e-05,622.65793966,229,1042,10396.0,13090,3191,24980.55125068,0.6996507999999999,1.7416220044783404,8.051133724124671
2017-11-30T03:55:56.92,6.72e-05,6.72e-05,6.701e-05,623.79022162,224,1041,10399.0,13092,3190,24978.95199402,0.6988127999999999,1.9802026973148996,6.6170108303533
2017-11-30T03:56:27.633,6.72e-05,6.72e-05,6.702e-05,624.06517341,223,1043,10390.2,13090,3197,24971.21232923,0.69822144,1.8615537365899586,6.343983827563293
2017-11-30T03:57:01.423,6.719e-05,6.714e-05,6.702e-05,624.24229453,226,1047,10398.99,13093,3198,24963.39020992,0.6987081381,2.1413313296147694,6.750285726214783
2017-11-30T03:57:15.17,6.7e-05,6.7e-05,6.69e-05,624.74386259,220,1046,10390.2,13092,3195,24961.15853171,0.6961434000000001,1.9071426430102199,5.907417061928653
2017-11-30T03:58:05.08,6.7e-05,6.7e-05,6.69e-05,629.96029558,209,1041,10385.0,13089,3201,24960.04802945,0.695795,0.590974684437554,1.318835734986157
2017-11-30T03:58:34.183,6.7e-05,6.7e-05,6.668e-05,630.2915984,209,1043,10384.0,13090,3205,24960.02403125,0.695728,0.5942078656814158,1.8657055715355748
2017-11-30T03:59:08.74,6.7e-05,6.7e-05,6.678e-05,630.311554,215,1043,10385.0,13094,3204,24958.3680665,0.695795,0.752805690336682,2.17470908140917
2017-11-30T03:59:39.31,6.72e-05,6.72e-05,6.678e-05,631.34779783,216,1043,10385.0,13093,3194,24960.85645845,0.6978719999999999,0.42023584871182423,1.6500069776661206
2017-11-30T04:00:07.897,6.72e-05,6.72e-05,6.678e-05,631.43008109,217,1040,10352.00000001,13089,3197,24958.72943929,0.695654400000672,0.4932738460867666,1.597296764397182
2017-11-30T04:00:44.17,6.663e-05,6.718e-05,6.678e-05,631.64937225,210,1039,10384.0,13091,3194,24960.78511661,0.69188592,0.4898172380139162,1.1773829332262469
2017-11-30T04:01:14.727,6.678e-05,6.678e-05,6.664e-05,631.656358,213,1044,10400.0,13100,3194,24958.98409994,0.6945119999999999,0.5841270788138574,1.6969766489642684
2017-11-30T04:01:47.347,6.66e-05,6.718e-05,6.664e-05,632.20002257,207,1041,10385.0,13101,3185,24958.98262897,0.6916410000000001,0.42963779967279314,1.3070897859770036
2017-11-30T04:02:44.193,6.601e-05,6.601e-05,6.6e-05,633.60655149,201,1042,10443.00000001,13103,3180,24975.14042035,0.6893424300006602,1.5007386859579703,1.5862908547761596
2017-11-30T04:03:12.313,6.516e-05,6.5e-05,6.486e-05,634.73554132,182,1044,10443.00000001,13085,3181,24973.95159996,0.6804658800006517,0.5903320932545362,2.675003814609562
2017-11-30T04:03:39.777,6.44e-05,6.443e-05,6.44e-05,635.72312004,176,1041,10386.00000001,13084,3187,24979.03481786,0.668858400000644,0.9270123664511848,0.41797391311979076
2017-11-30T04:04:13.613,6.5e-05,6.6e-05,6.533e-05,636.68619735,187,1031,10386.0,13082,3186,24976.75215392,0.67509,1.9536400983575815,0.3666966747228487
2017-11-30T04:04:45.153,6.718e-05,6.718e-05,6.601e-05,636.99195166,192,1029,10400.0,13105,3184,24976.30084494,0.6986720000000001,1.727947815106736,2.2421118709856898
2017-11-30T04:05:17.35,6.716e-05,6.714e-05,6.603e-05,637.11388693,196,1026,10433.00000001,13114,3185,24975.56790848,0.7006802800006716,1.925221126965368,2.825887085496531
2017-11-30T04:05:46.53,6.625e-05,6.625e-05,6.603e-05,637.96295755,194,1032,10425.0,13118,3189,24977.14349715,0.69065625,1.268031965121325,2.7171100584412433
2017-11-30T04:06:24.303,6.625e-05,6.625e-05,6.602e-05,638.58659941,195,1029,10425.0,13124,3194,24971.4583216,0.69065625,1.2060486183594215,2.6934840000857156
2017-11-30T04:06:53.83,6.716e-05,6.715e-05,6.601e-05,639.09932423,189,1028,10425.0,13122,3192,24972.504753,0.700143,3.0441582542310712,0.23820263180642096
2017-11-30T04:07:28.527,6.625e-05,6.796e-05,6.63e-05,644.75387207,189,1022,10400.0,13128,3194,24972.24911999,0.689,3.374889280053247,0.1740202559464081
2017-11-30T04:07:58.537,6.668e-05,6.668e-05,6.65e-05,644.90352192,192,1028,10424.0,13131,3196,24971.88867677,0.6950723200000001,3.3565168193029318,0.5153311850000379
2017-11-30T04:08:31.39,6.647e-05,6.749e-05,6.647e-05,645.49118738,193,1027,10400.0,13126,3196,24969.27646228,0.691288,3.0481851696710063,0.9257749876895466
2017-11-30T04:08:58.71,6.627e-05,6.627e-05,6.625e-05,646.1116382,198,1030,10400.0,13132,3195,24963.58474325,0.689208,3.0945924709457864,0.7174451578540738
2017-11-30T04:09:34.8,6.627e-05,6.748e-05,6.628e-05,646.52593616,192,1031,10440.0,13135,3189,24962.48419977,0.6918588,2.881632876339552,0.5673234073955291
2017-11-30T04:10:04.247,6.748e-05,6.748e-05,6.628e-05,646.97114581,197,1030,10443.0,13141,3187,24955.34258791,0.70469364,2.9857069831829017,0.5672493079855743
2017-11-30T04:10:33.663,6.601e-05,6.634e-05,6.631e-05,649.44339337,189,1033,10407.0,13124,3184,24947.98583614,0.68696607,0.6464003450829182,2.02936626466002
2017-11-30T04:11:06.64,6.599e-05,6.5e-05,6.438e-05,649.53166854,186,1036,10443.0,13125,3187,24943.28751838,0.68913357,1.1732309919669204,2.263369249197564
2017-11-30T04:11:35.027,6.5e-05,6.5e-05,6.45e-05,650.07270326,190,1038,10450.0,13131,3176,24942.53298324,0.6792499999999999,0.7148471090285056,1.117617503215459
2017-11-30T04:12:07.16,6.45e-05,6.5e-05,6.45e-05,650.51611784,197,1037,10460.0,13147,3173,24946.59548981,0.67467,0.7462756895234595,1.2166695098130857
2017-11-30T04:13:11.1,6.634e-05,6.634e-05,6.459e-05,650.90345573,209,1035,10477.0,13142,3159,24946.56825483,0.69504418,1.0242119241290781,0.8074925274605429
2017-11-30T04:13:36.003,6.475e-05,6.475e-05,6.452e-05,651.21769114,209,1036,10477.0,13141,3154,24947.33592082,0.67838575,0.8017750767398203,0.7073459550475295
2017-11-30T04:14:02.357,6.475e-05,6.579e-05,6.475e-05,651.31982217,207,1038,10484.25,13144,3153,24944.24936528,0.6788551875000001,0.604607664598091,1.2570357182433112
2017-11-30T04:14:44.397,6.43e-05,6.42e-05,6.4e-05,652.02657754,196,1038,10477.0,13167,3151,24943.7324551,0.6736711000000001,0.39092841825136515,1.604109716322646
2017-11-30T04:15:10.44,6.386e-05,6.35e-05,6.321e-05,652.09035072,189,1040,10485.0,13172,3150,24942.00184746,0.6695721,1.0258530295501593,1.2517277338421346
2017-11-30T04:15:41.31,6.206e-05,6.187e-05,6.169e-05,653.55605696,180,1045,10490.0,13152,3141,24949.77748361,0.6510094,1.9499013709650288,1.282282420290267
2017-11-30T04:16:13.88,6.102e-05,6.1e-05,6.065e-05,656.77314711,169,1050,10490.0,13145,3134,24949.49119869,0.6400998,4.087028481517251,2.0612697735584042
2017-11-30T04:16:47.063,6.15e-05,6.021e-05,6.005e-05,660.48208905,165,1044,10493.544,13143,3138,24948.96181483,0.6453529560000001,6.069799441633219,0.9929009444560348
2017-11-30T04:17:16.743,6.187e-05,6.187e-05,6.032e-05,663.86404599,173,1051,10494.45602607,13145,3136,24947.97569715,0.6492919943329509,6.305936312984315,1.4497185626305353
2017-11-30T04:17:48.1,6.149e-05,6.206e-05,6.149e-05,665.91380807,179,1050,10496.969696,13148,3136,24945.43086311,0.64545866660704,2.8591420724636687,1.0187133295627575
2017-11-30T04:18:19.53,6.151e-05,6.199e-05,6.187e-05,665.93452074,186,1055,10499.0,13147,3122,24948.49425128,0.64579349,2.949876407273807,0.7875900955705933
2017-11-30T04:18:51.057,6.199e-05,6.2e-05,6.151e-05,666.94932846,188,1053,10500.0,13145,3105,24961.47541079,0.6508949999999999,3.36769721419376,0.7912901699530114
2017-11-30T04:19:16.77,6.05e-05,6.151e-05,6.05e-05,667.49771894,180,1063,10500.0,13148,3105,24979.90688776,0.63525,5.235263359765005,0.6187342984619858
2017-11-30T04:19:51.92,6.022e-05,6.149e-05,6.069e-05,668.36401002,173,1063,10500.0,13149,3062,24988.83042979,0.63231,5.124086933760394,2.2704130087823877
2017-11-30T04:20:26.54,6.148e-05,6.149e-05,6.069e-05,668.3645452,175,1061,10502.22584488,13155,3019,24996.30570946,0.6456768449432224,5.511710615069256,1.6399422392470142
2017-11-30T04:20:55.177,6.03e-05,6.069e-05,6.03e-05,668.83075388,174,1062,10509.0,13145,3013,24998.20824713,0.6336927,5.200771705038364,1.5103013155536935
2017-11-30T04:21:28.047,6.05e-05,6.1e-05,6.05e-05,668.87824336,178,1058,10519.32384186,13143,3004,24999.06609515,0.6364190924325299,5.74723029167008,0.4154740876937761
2017-11-30T04:21:51.633,6.05e-05,6.148e-05,6.05e-05,669.18927247,185,1055,10530.0,13132,2992,24998.26656609,0.637065,6.101253950228478,0.7845344640243543
2017-11-30T04:22:31.253,6.15e-05,6.199e-05,6.189e-05,669.32535824,194,1059,10535.85715964,13123,2984,24996.44561591,0.64795521531786,6.069089219226067,0.6938343650499912
2017-11-30T04:22:53.687,6.302e-05,6.317e-05,6.302e-05,669.85800167,192,1050,10550.0,13111,2963,24997.19612485,0.664861,5.139068945366401,0.7817055129253779
2017-11-30T04:23:38.29,6.302e-05,6.35e-05,6.302e-05,670.73386673,187,1055,10573.9425,13080,2960,25001.00485989,0.66636985635,4.612564354782796,3.767986949325101
2017-11-30T04:24:11.753,6.272e-05,6.272e-05,6.059e-05,673.3177871,183,1058,10573.94249999,13113,2950,25003.64000639,0.6631976735993728,2.6450111913137264,0.9542013421319937
2017-11-30T04:24:42.263,6.197e-05,6.197e-05,6.106e-05,673.32906804,188,1056,10573.94249997,13120,2960,25002.53252162,0.6552672167231409,3.287209336875902,1.0558669673685817
2017-11-30T04:25:16.257,6.237e-05,6.272e-05,6.237e-05,673.46793989,188,1051,10570.99999999,13134,2967,25004.84390234,0.6593132699993762,2.676032393613642,1.1808289337489706
2017-11-30T04:25:38.957,6.232e-05,6.232e-05,6.2e-05,673.51390789,191,1055,10565.0,13128,2970,25019.70209672,0.6584108,2.987881383213421,1.0005588227885598
2017-11-30T04:26:15.623,6.2e-05,6.2e-05,6.197e-05,674.08363809,190,1060,10555.64999993,13121,2975,25002.61164372,0.65445029999566,2.6211475118847405,0.9885929787573579
2017-11-30T04:26:42.73,6.237e-05,6.237e-05,6.201e-05,674.27715466,191,1062,10506.0,13122,2981,25000.58916055,0.65525922,3.0278024918599913,1.0505452370163828
2017-11-30T04:27:20.097,6.201e-05,6.237e-05,6.201e-05,674.34521151,196,1061,10545.09434988,13124,2990,25002.31649287,0.6539013006360588,3.0765437582895925,1.217828817679717
2017-11-30T04:27:43.58,6.237e-05,6.292e-05,6.237e-05,674.58888135,197,1057,10503.1,13118,2992,25000.25932679,0.655078347,2.9647795619273483,0.965166802376848
2017-11-30T04:28:15.073,6.238e-05,6.292e-05,6.25e-05,674.70008131,199,1060,10503.1,13120,2992,25002.90459378,0.6551833779999999,1.2375617547432518,1.3655473730462604
2017-11-30T04:28:51.443,6.35e-05,6.356e-05,6.35e-05,675.95891114,208,1054,10539.99999991,13116,2998,25006.39126331,0.669289999994285,3.5158522841857973,2.7873125982973863
2017-11-30T04:29:23.83,6.238e-05,6.302e-05,6.238e-05,677.85402149,196,1053,10463.99566316,13137,3004,25007.66602957,0.6527440494679208,2.489066521402109,2.20302626227662
2017-11-30T04:29:57.667,6.3e-05,6.3e-05,6.238e-05,677.90510727,201,1057,10500.0,13140,3004,24996.03362297,0.6615,2.5276858178270665,2.06122910835766
2017-11-30T04:30:19.367,6.25e-05,6.3e-05,6.25e-05,677.9146654,200,1057,10510.0,13142,3004,24993.94371805,0.656875,1.6445939420800928,2.13721980691045
2017-11-30T04:30:51.847,6.3e-05,6.3e-05,6.25e-05,677.98149158,205,1056,10510.0,13145,3003,24995.12198631,0.66213,0.6369532132395229,2.060307924026488
2017-11-30T04:31:32.76,6.25e-05,6.26e-05,6.25e-05,678.04190176,205,1055,10526.8,13148,3006,24994.44973179,0.657925,1.6949808643909878,1.868477073269344
2017-11-30T04:31:58.4,6.301e-05,6.3e-05,6.26e-05,678.19337563,204,1049,10526.0,13149,3007,24995.7375255,0.6632432599999999,1.6496158937796483,1.916096179923386
2017-11-30T04:32:32.237,6.2e-05,6.2e-05,6.197e-05,678.64383307,196,1050,10526.0,13151,3011,24992.53910136,0.6526120000000001,1.6670824757347866,1.549760664058765
2017-11-30T04:33:04.107,6.189e-05,6.178e-05,6.107e-05,678.88970868,197,1053,10512.0,13159,3014,24994.3725318,0.6505876800000001,2.6631674061075774,1.7375529393269549
2017-11-30T04:34:04.24,6.11e-05,6.178e-05,6.11e-05,680.34942199,198,1052,10513.0,13169,3018,24991.36096572,0.6423443,1.4437287669909606,0.6602343749194753
2017-11-30T04:34:33.267,6.107e-05,6.107e-05,6.055e-05,680.37635826,193,1048,10500.0,13175,3013,24994.93524735,0.641235,3.3304639863119587,0.6991772469914135
2017-11-30T04:35:03.793,6.107e-05,6.107e-05,6.055e-05,680.39598248,194,1048,10500.0,13182,3011,24995.69225542,0.641235,2.672613223793223,0.8392106348385195
2017-11-30T04:35:45.303,6.11e-05,6.178e-05,6.11e-05,680.4517976,197,1049,10477.0,13194,3014,24994.1672591,0.6401446999999999,0.49618700888479716,0.9233916781270308
2017-11-30T04:36:13.313,6.11e-05,6.107e-05,6.055e-05,680.45791837,202,1045,10500.0,13203,3016,24995.4030047,0.64155,2.7456351766428617,2.285607098447861
2017-11-30T04:36:44.81,6.197e-05,6.107e-05,6.1e-05,680.66437077,197,1046,10500.0,13199,3021,24995.79948049,0.6506850000000001,2.73665867812728,0.7962404627062047
2017-11-30T04:37:18.743,6.056e-05,6.107e-05,6.066e-05,680.87711544,200,1050,10500.0,13199,3017,24993.21020212,0.63588,2.9671867213041985,0.7751974813990526
2017-11-30T04:37:51.58,6.107e-05,6.197e-05,6.107e-05,681.08014885,202,1049,10476.0,13190,3014,24995.38232887,0.63976932,2.9755087871468775,0.7471101947617657
2017-11-30T04:38:19.28,6.107e-05,6.197e-05,6.11e-05,681.08030697,205,1049,10477.0,13192,3015,24995.65611443,0.63983039,3.6874654114159577,0.9173693231358654
2017-11-30T04:38:53.98,6.299e-05,6.298e-05,6.197e-05,681.91946781,207,1044,10476.00000001,13199,3014,24997.66570509,0.65988324000063,4.980469395786748,0.5858079555413629
2017-11-30T04:39:26.663,6.298e-05,6.356e-05,6.3e-05,682.05860557,207,1046,10500.0,13191,3018,24997.10852702,0.6612899999999999,2.540265865881071,1.5234699761120654
2017-11-30T04:39:49.253,6.298e-05,6.298e-05,6.211e-05,682.13634822,202,1043,10500.0,13203,3014,24991.37386995,0.6612899999999999,2.9609583623446145,1.0051245728412896
2017-11-30T04:40:23.047,6.298e-05,6.298e-05,6.23e-05,682.1629487,204,1045,10480.90804327,13205,3016,24995.66757932,0.6600875885651445,2.9257719778202347,0.5484703624604357
2017-11-30T04:40:57.837,6.298e-05,6.298e-05,6.235e-05,682.34691642,203,1039,10535.0,13212,3015,24994.07036692,0.6634943,2.851868909568662,0.6282059491582953
2017-11-30T04:41:29.303,6.298e-05,6.355e-05,6.32e-05,682.36032652,207,1042,10510.00000001,13211,3017,24993.56753113,0.6619198000006298,2.434574324776271,0.6150674462198102
2017-11-30T04:42:03.877,6.355e-05,6.355e-05,6.3e-05,682.39384669,204,1043,10515.11,13214,3022,24989.24252996,0.6682352405,2.4863521530056873,1.7957786550007802
2017-11-30T04:42:34.277,6.355e-05,6.355e-05,6.32e-05,682.96589227,205,1046,10530.0,13218,3026,24986.45660459,0.6691815,1.6785877984206983,1.8857552097772228
2017-11-30T04:43:05.133,6.355e-05,6.355e-05,6.339e-05,684.64664674,205,1049,10530.0,13219,3034,24985.56184785,0.6691815,0.4826409432797539,0.7924800354349854
2017-11-30T04:43:38.113,6.339e-05,6.339e-05,6.3e-05,685.12923941,199,1053,10525.0,13219,3041,24983.40790047,0.66717975,0.37337257963773324,0.8083537303116158
2017-11-30T04:44:36.12,6.339e-05,6.332e-05,6.3e-05,685.16368019,201,1052,10540.0,13222,3020,24981.13347947,0.6681306,1.531307340565906,0.6772753653027104
2017-11-30T04:45:09.743,6.3e-05,6.332e-05,6.3e-05,685.26038515,197,1052,10569.99999998,13227,3017,24981.60997381,0.66590999999874,1.5610223902232232,0.7697663153031036
2017-11-30T04:45:31.66,6.3e-05,6.332e-05,6.3e-05,685.26733846,197,1054,10570.0,13227,3018,24981.98960204,0.66591,1.709398547663395,0.7536116619777286
2017-11-30T04:46:11.687,6.399e-05,6.399e-05,6.356e-05,685.4217115,198,1054,10585.0,13209,3014,24986.29995023,0.6773341500000001,1.8844907738885004,1.7522032811043902
2017-11-30T04:46:44.417,6.301e-05,6.399e-05,6.33e-05,685.47375454,199,1053,10585.0,13196,3020,24989.01265742,0.6669608499999999,2.0680570010652017,1.7784930662110363
2017-11-30T04:47:14.947,6.397e-05,6.397e-05,6.33e-05,685.83783537,200,1050,10586.0,13196,3011,24993.84208825,0.67718642,1.791709591217737,1.699331602271077
2017-11-30T04:47:43.893,6.397e-05,6.396e-05,6.355e-05,685.83783537,206,1053,10586.0,13190,3015,25002.13779617,0.67718642,1.1040739324585627,1.7805020866037817
2017-11-30T04:48:19.5,6.396e-05,6.397e-05,6.396e-05,685.83847497,208,1063,10584.99999998,13196,3016,25002.31981575,0.6770165999987209,0.6610148426271882,2.030384854090043
2017-11-30T04:48:45.387,6.33e-05,6.396e-05,6.33e-05,686.25031438,204,1062,10579.99999999,13202,3024,25002.04158646,0.6697139999993669,1.3850237324519752,1.9538908815813762
2017-11-30T04:49:22.65,6.399e-05,6.396e-05,6.33e-05,686.46179466,209,1057,10570.0,13203,3024,25001.79495727,0.6763743,2.4997000027148175,1.50512747575497
2017-11-30T04:49:49.94,6.395e-05,6.395e-05,6.33e-05,686.67795414,208,1062,10584.9999998,13207,3027,24992.60570686,0.67691074998721,1.8228495401354978,1.3179949587116744
2017-11-30T04:50:29.72,6.23e-05,6.36e-05,6.232e-05,687.07796277,203,1067,10569.99999998,13208,3026,24988.75730584,0.658510999998754,3.1723920389236664,1.3051375340192537
2017-11-30T04:50:58.7,6.39e-05,6.349e-05,6.253e-05,687.1585069,205,1063,10555.0,13209,3030,24988.67249103,0.6744644999999999,2.9218900793316154,1.1691363265012948
2017-11-30T04:51:31.133,6.3e-05,6.3e-05,6.253e-05,687.61657092,207,1072,10554.0,13209,3037,24988.30964836,0.664902,2.4152121697441755,1.0526848887008164
2017-11-30T04:52:04.067,6.349e-05,6.345e-05,6.3e-05,688.05157959,202,1069,10540.0,13197,3038,24986.00691615,0.6691846,3.5501482953066583,0.9016516029941588
2017-11-30T04:52:33.593,6.3e-05,6.345e-05,6.3e-05,688.11805093,200,1070,10500.1,13196,3036,24972.72647659,0.6615063,2.334195539471268,1.0777393319834083
2017-11-30T04:52:59.153,6.3e-05,6.3e-05,6.26e-05,688.74862474,200,1070,10500.0001,13190,3056,24970.05607404,0.6615000062999999,2.0613400239387807,0.8889738093114583
2017-11-30T04:53:35.837,6.26e-05,6.3e-05,6.26e-05,688.76303369,199,1068,10500.00009999,13193,3054,24971.75324131,0.657300006259374,2.8657709860661016,1.2420175558288753
2017-11-30T04:54:08.567,6.18e-05,6.26e-05,6.253e-05,689.71480024,193,1070,10484.87331488,13195,3059,24967.54857714,0.6479651708595839,1.928858130642746,0.3990999660617068
2017-11-30T04:55:10.187,6.253e-05,6.255e-05,6.253e-05,690.40019785,204,1066,10459.31977492,13195,3059,24967.66660979,0.6540212655257477,2.797132367989431,0.5978406585395921
2017-11-30T04:55:30.183,6.253e-05,6.253e-05,6.209e-05,690.48828288,202,1067,10459.31977492,13195,3063,24954.87562105,0.6540212655257477,2.936347754588939,1.1126889977246066
2017-11-30T04:56:11.43,6.18e-05,6.253e-05,6.123e-05,691.80493754,197,1069,10458.0,13196,3066,24946.48370354,0.6463044,2.9612057600953987,1.58848516577465
2017-11-30T04:56:44.597,6.123e-05,6.253e-05,6.108e-05,692.17008585,196,1072,10459.31977492,13206,3066,24946.86203617,0.6404241498183516,2.0886321714673675,0.8793659313117743
2017-11-30T04:57:25.343,6.123e-05,6.123e-05,6.073e-05,693.4174522,193,1072,10439.65787361,13189,3066,24948.67701283,0.6392202516011403,0.7107093691865917,0.7976286807744419
2017-11-30T04:57:44.7,6.123e-05,6.253e-05,6.123e-05,693.4948053,198,1069,10440.0,13193,3062,24946.6889284,0.6392412,1.152294945204337,1.0872759424537988
2017-11-30T04:58:23.76,6.2e-05,6.2e-05,6.123e-05,693.49539066,205,1083,10440.0,13197,3062,24945.99412341,0.6472800000000001,1.2695594883461583,1.051368598308653
2017-11-30T04:59:05.517,6.2e-05,6.2e-05,6.129e-05,693.55161419,207,1089,10448.0,13197,3065,24945.29003953,0.647776,2.8641200011847365,0.9935591131706052
2017-11-30T04:59:32.93,6.253e-05,6.296e-05,6.253e-05,693.61199803,210,1086,10448.0,13197,3066,24945.37691589,0.65331344,8.041504001142883,0.6785518013741625
2017-11-30T05:00:05.12,6.123e-05,6.123e-05,6.07e-05,702.52583304,198,1083,10444.0,13197,3063,24931.7922001,0.6394861199999999,0.9244291766511811,1.0731790091750475
2017-11-30T05:00:40.553,6.125e-05,6.23e-05,6.126e-05,702.53686527,203,1086,10440.0,13202,3061,24924.52599377,0.63945,1.137428086485792,1.1505332285792274
2017-11-30T05:01:13.227,6.126e-05,6.228e-05,6.126e-05,702.54492956,209,1092,10438.22543348,13193,3067,24923.55866965,0.6394456900549849,1.067819083463044,1.1504580487412286
2017-11-30T05:01:44.12,6.123e-05,6.126e-05,6.123e-05,702.62543963,206,1093,10438.22543348,13190,3071,24918.87380724,0.6391325432919803,1.0687794496682528,1.2681521760148595
2017-11-30T05:02:08.077,6.1e-05,6.1e-05,6.073e-05,702.74938205,205,1090,10438.23,13196,3073,24917.32844515,0.63673203,0.9217746768171536,2.002842148304177
2017-11-30T05:02:41.72,6.073e-05,6.1e-05,6.073e-05,702.88257209,205,1092,10437.0,13193,3080,24915.70456431,0.63383901,1.0279658346404779,2.020166250024652
2017-11-30T05:03:14.377,6.1e-05,6.1e-05,6.08e-05,703.07271971,209,1093,10448.0,13198,3066,24918.95683181,0.637328,0.8527015579413955,1.315588182269541
2017-11-30T05:03:47.16,6.071e-05,6.2e-05,6.071e-05,703.22165582,201,1093,10476.0,13200,3061,24917.34232005,0.63599796,0.9225329809682297,1.8812125206420565
2017-11-30T05:04:10.21,6.2e-05,6.2e-05,6.071e-05,703.26762325,202,1098,10450.00000001,13198,3060,24917.7254859,0.6479000000006201,1.132669850151496,1.8643938010571017
2017-11-30T05:04:42.213,6.07e-05,6.071e-05,6.07e-05,703.39123352,201,1099,10476.0,13206,3062,24916.51000773,0.6358931999999999,1.2537148095239399,1.966223974250101
2017-11-30T05:05:41.72,6e-05,5.9e-05,5.896e-05,705.87660897,175,1102,10558.22543348,13217,3054,24925.4360325,0.6334935260088,1.1958007133307706,1.919027095897649
2017-11-30T05:06:12.13,5.863e-05,5.863e-05,5.82e-05,706.7465304,169,1107,10500.0,13226,3054,24924.03517064,0.615615,2.6902335848923324,1.8965299948391736
