timestamp,tick,ask,bid,vol,buys,sells,btc_tick,btc_buys,btc_sells,btc_vol,usdt,first_page_buy_orders,first_page_sell_orders
2018-01-30T22:11:36.377,5.63e-05,5.507e-05,5.3e-05,21.99685137,160,279,10380.0,5848,6281,5848.89475889,0.584394,3.5110372021569196,4.835455933697069
2018-01-30T22:12:07.347,5.598e-05,5.578e-05,5.55e-05,24.28972035,161,293,10379.61,5854,6285,5847.62383555,0.5810505678000001,1.4110346069882886,2.8942583841132246
2018-01-30T22:12:39.05,5.467e-05,5.3e-05,5.14e-05,25.28573842,161,316,10379.61,5854,6288,5847.05825375,0.5674532787,0.7402387993734723,6.947527784028737
2018-01-30T22:13:09.86,4.88e-05,5.067e-05,5.001e-05,25.94381176,145,333,10361.99999999,5856,6284,5845.10039532,0.505665599999512,2.2844346273440577,1.6339942812630097
2018-01-30T22:13:42.22,5.001e-05,5.1e-05,5.002e-05,27.63617768,171,351,10379.61,5862,6281,5842.52399232,0.5190842961,2.394574091341781,1.2390639373960513
2018-01-30T22:14:12.83,5.137e-05,5.398e-05,5.2e-05,27.84585762,189,355,10384.0,5869,6282,5842.94912963,0.53342608,2.615349060547886,5.774040423291037
2018-01-30T22:14:43.737,5.398e-05,5.398e-05,5.39e-05,29.55276552,204,378,10379.61,5864,6275,5843.53781357,0.5602913478,1.3838482313775795,1.6545184507913258
2018-01-30T22:15:16.3,5.3e-05,5.398e-05,5.39e-05,30.59671235,210,397,10398.9995,5866,6273,5849.08334713,0.5511469735,1.7581251141290475,0.6845453617062159
2018-01-30T22:15:47.113,5.389e-05,5.39e-05,5.389e-05,31.1300245,217,424,10351.0,5868,6280,5852.46824047,0.55781539,2.768685713968453,0.8246039646655932
2018-01-30T22:16:19.143,5.41e-05,5.439e-05,5.41e-05,32.3616726,220,430,10387.99999997,5863,6281,5853.49611437,0.561990799998377,2.4318691213104553,2.396313552993865
2018-01-30T22:16:49.523,5.45e-05,5.49e-05,5.45e-05,35.57240661,226,425,10397.99999997,5868,6280,5852.82426496,0.566690999998365,1.8860786390897264,5.460268724549654
2018-01-30T22:17:21.397,5.301e-05,5.39e-05,5.301e-05,37.54690194,223,444,10387.6,5866,6282,5849.18141978,0.5506466760000001,1.5989975011763895,6.616764601101428
2018-01-30T22:17:52.367,5.302e-05,5.399e-05,5.39e-05,38.24910586,237,456,10387.6,5870,6282,5849.20941209,0.550750552,1.6032915739400029,7.306846642945368
2018-01-30T22:18:22.463,5.3e-05,5.3e-05,5.24e-05,40.14081447,234,470,10387.6,5870,6281,5848.6972176,0.5505428,0.87815909067296,3.172021956800702
2018-01-30T22:18:54.137,5.2e-05,5.24e-05,5.15e-05,41.01107712,228,496,10400.0,5878,6272,5850.40743951,0.5408,3.4602501516611364,1.6872566864701946
2018-01-30T22:19:25.603,5.3e-05,5.3e-05,5.25e-05,42.17481664,243,503,10401.0,5879,6273,5848.61771675,0.551253,6.225299564408665,1.504814763819021
2018-01-30T22:19:57.84,5.3e-05,5.39e-05,5.305e-05,43.71687363,253,503,10415.99999996,5877,6268,5848.57892477,0.55204799999788,4.079813313796782,1.3839555793570502
2018-01-30T22:20:28.713,5.439e-05,5.44e-05,5.439e-05,45.67773843,251,502,10415.99999969,5877,6270,5850.15338887,0.5665262399831391,3.217827291251923,4.823806836169981
2018-01-30T22:20:57.963,5.45e-05,5.455e-05,5.444e-05,46.6258794,249,501,10424.99999998,5882,6261,5852.38678177,0.56816249999891,3.8127992432938056,2.6275303000750534
2018-01-30T22:21:30.997,5.74e-05,5.987e-05,5.986e-05,55.21096138,265,488,10400.23,5877,6263,5853.2512375,0.5969732019999999,2.910397911944936,7.198177500060962
2018-01-30T22:22:17.03,5.809e-05,5.7e-05,5.636e-05,60.03977005,249,522,10424.99999997,5876,6277,5859.73069934,0.6055882499982573,4.070798675176003,1.7652646501366727
2018-01-30T22:22:48.39,5.824e-05,5.85e-05,5.72e-05,62.22034871,262,524,10420.0,5876,6276,5859.92237291,0.6068608,4.525799455083745,2.661548444539103
2018-01-30T22:23:20.967,5.8e-05,5.89e-05,5.824e-05,64.73331772,284,532,10424.99999998,5879,6270,5860.20104991,0.6046499999988401,6.610002045150661,3.8536690802380704
2018-01-30T22:23:51.983,5.899e-05,5.898e-05,5.896e-05,66.53111905,285,528,10430.09324667,5883,6261,5860.96694163,0.6152712006210633,3.8052093745320668,2.0221513404602423
2018-01-30T22:24:22.843,5.96e-05,5.96e-05,5.943e-05,69.46650275,276,530,10444.0,5883,6257,5861.76809419,0.6224624,1.4434783978606074,4.9693989965162615
2018-01-30T22:24:53.093,5.91e-05,5.91e-05,5.9e-05,72.01681547,263,552,10450.0,5885,6254,5861.75765738,0.617595,1.561801033098953,4.023084018275804
2018-01-30T22:25:25.08,5.78e-05,5.78e-05,5.73e-05,73.33440045,267,558,10465.0,5881,6240,5863.15354557,0.604877,1.438581898329773,4.711475060507633
2018-01-30T22:25:56.893,5.73e-05,5.7e-05,5.641e-05,74.24357753,268,557,10444.0,5881,6241,5862.9380716,0.5984412,1.9735008763526745,3.498326487715327
2018-01-30T22:26:27.443,5.64e-05,5.65e-05,5.643e-05,76.02263844,278,575,10464.99999999,5879,6259,5864.535661,0.5902259999994359,4.431819443853044,2.8593429548175773
2018-01-30T22:26:57.897,5.73e-05,5.79e-05,5.75e-05,77.74792035,292,597,10469.99999999,5881,6254,5869.82432131,0.5999309999994269,6.002682008244169,2.248132840340313
2018-01-30T22:27:30.667,5.79e-05,5.791e-05,5.79e-05,80.88524143,289,600,10470.0,5866,6254,5869.94291877,0.606213,1.478359019875485,1.3720259603195017
2018-01-30T22:28:01.277,5.78e-05,5.79e-05,5.78e-05,81.58359103,292,621,10470.0,5868,6257,5869.14551485,0.605166,1.2665444111309285,2.179511323597648
2018-01-30T22:28:33.51,5.8e-05,5.85e-05,5.8e-05,82.74318054,303,618,10470.0,5881,6255,5869.74540077,0.60726,1.989703980380898,1.7324909586021682
2018-01-30T22:29:06.81,5.801e-05,5.809e-05,5.801e-05,84.70571321,314,634,10476.0,5887,6253,5869.74847704,0.6077127600000001,1.1964251568240047,1.2186369294413348
2018-01-30T22:29:40.153,5.641e-05,5.677e-05,5.6e-05,87.61938417,285,647,10485.0,5889,6245,5869.84660218,0.59145885,2.4083010966580316,12.822987114906386
2018-01-30T22:30:11.327,5.47e-05,5.501e-05,5.47e-05,90.53327058,270,667,10500.0,5888,6232,5871.51711678,0.57435,2.5911106904095402,14.20095304005079
2018-01-30T22:30:42.36,5.47e-05,5.422e-05,5.4e-05,93.06726468,275,679,10505.0,5895,6225,5870.8684796,0.5746235000000001,3.2857404737690175,13.774200625084493
2018-01-30T22:31:12.873,5.498e-05,5.39e-05,5.35e-05,96.04187307,274,690,10507.0,5891,6224,5878.17234702,0.57767486,4.566252879649692,2.7039608484283724
2018-01-30T22:31:47.217,5.501e-05,5.501e-05,5.5e-05,97.92581876,296,698,10498.1,5885,6235,5887.02866696,0.577500481,1.7242904514256492,2.0073225066191394
2018-01-30T22:32:48.03,5.357e-05,5.391e-05,5.357e-05,101.75929906,291,722,10522.0,5885,6209,5894.93898699,0.56366354,6.026106701959762,12.693411782351134
2018-01-30T22:33:18.17,5.35e-05,5.352e-05,5.35e-05,103.11738641,292,731,10538.45,5890,6211,5896.36337914,0.563807075,4.291842423184818,12.600674248641953
2018-01-30T22:33:48.72,5.352e-05,5.352e-05,5.35e-05,105.44968139,299,731,10520.0,5869,6214,5895.11006166,0.5630304,5.085826478209244,12.20815252344409
2018-01-30T22:34:23.517,5.357e-05,5.39e-05,5.357e-05,107.98249849,300,742,10498.0,5870,6221,5891.0628975,0.56237786,5.282617733973975,12.367887539477167
2018-01-30T22:34:55.343,5.36e-05,5.39e-05,5.34e-05,108.73083265,306,761,10496.49,5878,6234,5892.44232188,0.562611864,4.567907352451343,12.798120150174483
2018-01-30T22:35:26.61,5.368e-05,5.36e-05,5.345e-05,110.12398784,313,761,10496.49,5876,6237,5891.31401103,0.5634515832,4.286153365576621,3.017609869634964
2018-01-30T22:35:55.64,5.36e-05,5.36e-05,5.35e-05,114.5133235,320,763,10496.49,5881,6247,5891.62238842,0.562611864,3.892372342197532,3.029515313100333
2018-01-30T22:36:27.97,5.36e-05,5.36e-05,5.351e-05,117.12114925,315,776,10496.49,5883,6250,5889.73017408,0.562611864,3.380986231647598,1.8467597372707225
2018-01-30T22:36:58.627,5.361e-05,5.391e-05,5.361e-05,118.11698169,307,797,10500.0,5887,6246,5889.01307416,0.562905,3.0889071196704476,1.2194810974946946
2018-01-30T22:37:30.767,5.479e-05,5.479e-05,5.478e-05,118.6323168,320,797,10499.99999999,5885,6253,5890.68207293,0.5752949999994521,1.5301745123523454,1.5035737191687353
2018-01-30T22:38:03.05,5.4e-05,5.479e-05,5.407e-05,124.67566625,308,804,10470.38499999,5886,6261,5891.98342663,0.56540078999946,0.8372932866220152,1.24638328205284
2018-01-30T22:38:35.053,5.4e-05,5.36e-05,5.352e-05,128.27235731,312,821,10470.38499999,5886,6259,5887.57935528,0.56540078999946,4.065139710139668,3.4973635420363043
2018-01-30T22:39:06.09,5.352e-05,5.36e-05,5.353e-05,130.90022707,307,829,10490.0,5883,6256,5882.16903232,0.5614248000000001,2.4579298368719233,2.4974371436696887
2018-01-30T22:39:36.65,5.335e-05,5.3e-05,5.24e-05,133.13953446,299,841,10460.0,5877,6252,5884.5260242,0.558041,1.6132269526895728,3.923328459293123
2018-01-30T22:40:07.603,5.151e-05,5.2e-05,5.151e-05,135.52915978,283,852,10444.0,5883,6253,5882.87224352,0.53797044,1.878058516230054,1.2582708618438327
2018-01-30T22:40:39.167,5.009e-05,5.01e-05,5.009e-05,141.05414481,257,850,10471.0,5884,6251,5878.70830915,0.52449239,2.1967252866777347,3.2007654424354155
2018-01-30T22:41:11.37,4.8e-05,4.805e-05,4.8e-05,143.44327581,245,881,10470.0,5890,6252,5873.89123426,0.50256,1.1199719527797065,4.511684229723051
2018-01-30T22:41:42.903,4.805e-05,4.781e-05,4.75e-05,146.34044645,246,868,10460.0,5889,6257,5874.59859022,0.502603,0.937526743281737,3.4236509750184494
2018-01-30T22:42:13.51,4.7e-05,4.7e-05,4.661e-05,152.64473165,234,867,10455.0,5873,6260,5881.93455921,0.49138499999999996,4.138843880760931,3.609480905269347
2018-01-30T22:43:07.26,4.7e-05,4.701e-05,4.7e-05,162.49532159,257,890,10408.72734002,5879,6261,5880.04001242,0.48921018498093993,2.952403629263298,5.765490714614894
2018-01-30T22:43:38.7,4.652e-05,4.62e-05,4.555e-05,163.988162,257,896,10450.0,5881,6264,5877.25312911,0.486134,2.0459137470198385,0.9791668776515724
2018-01-30T22:44:10.093,4.6e-05,4.62e-05,4.605e-05,166.28340364,274,891,10450.0,5884,6264,5875.09057173,0.4807,2.26133727858974,0.500117554657752
2018-01-30T22:44:40.063,4.801e-05,4.899e-05,4.801e-05,167.69169956,287,891,10459.9999999,5882,6262,5858.9660342,0.502184599995199,5.693446081781265,1.9898332980517357
2018-01-30T22:45:11.487,4.801e-05,4.89e-05,4.803e-05,170.23683897,286,908,10450.0,5881,6265,5856.02984462,0.5017045,5.187393584310696,2.192864606168236
2018-01-30T22:45:42.55,4.889e-05,4.889e-05,4.88e-05,173.04613917,296,924,10416.001,5882,6266,5853.81120372,0.50923828889,3.312542872835806,2.507883820358217
2018-01-30T22:46:14.097,4.9e-05,4.98e-05,4.92e-05,176.19116353,293,923,10415.0,5882,6267,5850.143428,0.510335,3.9945585943317985,0.6273861636722162
2018-01-30T22:46:43.393,5e-05,5.098e-05,5e-05,183.86593742,311,920,10400.9999999,5874,6266,5852.85944903,0.520049999995,2.747383857571162,1.2948570126193242
2018-01-30T22:47:20.8,5e-05,4.93e-05,4.921e-05,184.92470614,304,932,10395.91520939,5872,6266,5851.41566335,0.5197957604694999,1.144416389629165,2.3236914046481023
2018-01-30T22:47:51.52,4.803e-05,4.805e-05,4.803e-05,186.85714306,299,940,10376.32512,5874,6275,5851.07273842,0.4983748955136,1.38909605100756,0.868651389817501
2018-01-30T22:48:23.94,4.8e-05,4.879e-05,4.806e-05,188.68975123,309,950,10368.0,5877,6272,5849.19958551,0.497664,0.5219437755842862,3.304450745227627
2018-01-30T22:48:54.47,4.75e-05,4.8e-05,4.75e-05,190.4851838,318,957,10395.91520939,5880,6268,5847.04954329,0.493805972446025,1.9792922828834718,4.444328128866582
2018-01-30T22:49:26.487,4.98e-05,4.98e-05,4.879e-05,194.96045739,341,955,10395.91520939,5881,6269,5844.75666491,0.5177165774276219,2.1599110827099137,2.6970257106223348
2018-01-30T22:49:57.593,4.975e-05,4.97e-05,4.882e-05,195.75564541,350,969,10383.0,5885,6267,5844.76676425,0.51655425,4.320704670966243,2.9360289254867746
2018-01-30T22:50:29.017,4.881e-05,4.882e-05,4.881e-05,197.8304852,347,984,10384.66225,5887,6270,5845.11749157,0.5068753644225,1.1356437834450992,1.8656076161144373
2018-01-30T22:50:59.937,4.882e-05,5e-05,4.883e-05,202.07372813,360,991,10373.66225,5886,6272,5844.12849342,0.506442191045,1.2248788296699784,2.427186734097949
2018-01-30T22:51:32.577,4.95e-05,4.97e-05,4.969e-05,206.69202151,384,996,10375.0,5895,6268,5842.42117011,0.5135624999999999,2.1381252546539504,1.6748482445229091
2018-01-30T22:52:03.217,5.1e-05,5.175e-05,5.1e-05,210.28609062,377,996,10394.72733996,5900,6267,5841.20099672,0.53013109433796,0.9292936396116279,0.7586007743967159
2018-01-30T22:52:35.903,5.002e-05,5.034e-05,5.002e-05,212.32097948,384,1028,10394.72733996,5904,6265,5838.9196581,0.5199442615447992,3.3461488020704144,1.6521283304841055
2018-01-30T22:53:37.607,5.234e-05,5.329e-05,5.328e-05,220.91249683,414,1021,10394.72733996,5909,6266,5835.55522838,0.5440600289735064,2.0158331502514417,2.0185723833669478
2018-01-30T22:54:10.827,5.35e-05,5.391e-05,5.356e-05,228.79967542,397,1029,10380.0,5902,6272,5834.50428241,0.55533,2.040968590452214,6.307748842174732
2018-01-30T22:54:52.263,5.201e-05,5.1e-05,5.055e-05,238.71023503,385,1075,10392.99999999,5902,6270,5834.63719026,0.5405399299994799,4.753573856760844,3.351266516204513
2018-01-30T22:55:23.543,5.11e-05,5.11e-05,5.105e-05,242.463664,412,1090,10380.1,5902,6268,5834.512468,0.5304231100000001,2.4757451575884706,3.563326673918599
2018-01-30T22:55:53.997,5.198e-05,5.15e-05,5.129e-05,248.4958906,437,1105,10381.0,5890,6267,5834.22128243,0.53960438,3.613780090106747,1.5170919124914573
2018-01-30T22:56:25.28,5.29e-05,5.3e-05,5.29e-05,255.16651565,454,1121,10392.99999999,5889,6271,5834.02136839,0.5497896999994709,9.043568176527675,2.2844279601456137
2018-01-30T22:56:57.653,5.391e-05,5.45e-05,5.448e-05,265.23543732,466,1102,10381.5,5889,6267,5835.8137939,0.559666665,3.7676600816507517,3.3350105582466547
2018-01-30T22:57:29.673,5.479e-05,5.5e-05,5.489e-05,272.10434576,487,1103,10375.66225001,5886,6269,5836.25535305,0.568482534678048,1.493752515467719,1.3883816917110563
2018-01-30T22:58:02.61,5.64e-05,5.725e-05,5.7e-05,287.25668888,506,1085,10370.0,5885,6267,5839.4963843,0.584868,8.627530612150505,4.068492117442352
2018-01-30T22:58:35.63,5.95e-05,6.275e-05,6.2e-05,305.66869246,516,1036,10330.0,5885,6268,5838.92570533,0.614635,7.158750676320142,3.6690403287552926
2018-01-30T22:59:07.813,5.789e-05,6e-05,5.866e-05,333.37210644,463,1023,10330.0,5885,6267,5838.09125434,0.5980037,1.5019613734968744,8.64569369761918
2018-01-30T22:59:40.08,5.995e-05,5.99e-05,5.969e-05,346.72642279,505,1083,10330.0,5885,6267,5838.09125434,0.6192835,2.894419502988107,5.904004162627813
2018-01-30T23:00:11.583,5.99e-05,6.087e-05,6.001e-05,357.8784632,543,1105,10330.0,5888,6270,5836.22494517,0.618767,5.935615083709198,3.3495644977639727
2018-01-30T23:00:42.93,6.198e-05,6.25e-05,6.207e-05,370.63681979,557,1081,10330.0,5884,6272,5839.78148916,0.6402534,5.845582021368736,4.572784389847084
2018-01-30T23:01:12.443,6.487e-05,6.5e-05,6.487e-05,388.12441601,588,1063,10318.16371476,5880,6270,5842.13385866,0.6693392801764811,4.319837499206464,0.8281512365047666
2018-01-30T23:01:43.21,6.75e-05,6.75e-05,6.706e-05,415.31623799,483,1066,10301.00000001,5862,6276,5849.19941905,0.695317500000675,2.610661566709295,5.490841770527361
2018-01-30T23:02:16.13,6.6e-05,6.487e-05,6.48e-05,438.33025714,531,1146,10270.01,5855,6261,5846.4208121,0.6778206600000001,0.6504313956137561,9.421066488533043
2018-01-30T23:02:48.41,6.206e-05,6.3e-05,6.206e-05,448.76984366,516,1183,10330.0,5856,6259,5849.81197467,0.6410798,5.87408401692359,2.0059718086158336
2018-01-30T23:03:19.83,6.389e-05,6.4e-05,6.399e-05,464.55797208,578,1212,10329.99999999,5868,6257,5851.94125058,0.659983699999361,4.697033052820254,2.4292233294330114
2018-01-30T23:04:19.88,6.7e-05,6.697e-05,6.688e-05,505.47390912,606,1196,10319.0,5865,6285,5851.37996866,0.691373,5.996674721039189,6.393716521887476
2018-01-30T23:04:52.833,6.729e-05,6.7e-05,6.699e-05,526.83695813,592,1248,10329.99999999,5863,6283,5848.77352505,0.695105699999327,5.019976659404141,5.149471795961112
2018-01-30T23:05:23.177,6.97e-05,6.998e-05,6.97e-05,544.46056693,672,1198,10319.0,5862,6283,5848.28495562,0.7192343,14.041635966828242,26.39661717445973
2018-01-30T23:05:56.173,7.5e-05,7.5e-05,7.499e-05,598.33728977,680,1149,10316.9363,5858,6287,5848.29611188,0.7737702224999999,5.137309830278525,6.027548404432648
2018-01-30T23:05:56.173,7.5e-05,7.5e-05,7.499e-05,598.33728977,680,1149,10280.01,5857,6283,5848.45839671,0.7710007499999999,3.2298884827410372,27.221589555813583
2018-01-30T23:06:54.83,7.7e-05,7.7e-05,7.65e-05,679.32159835,621,1214,10300.0,5858,6283,5848.69771725,0.7931,1.9819439722887038,8.53159483699869
2018-01-30T23:07:30.05,7.795e-05,7.85e-05,7.83e-05,723.84310555,607,1222,10309.99999999,5860,6285,5849.38192086,0.8036644999992204,4.718477914675781,5.444825123363745
2018-01-30T23:08:01.14,8.053e-05,8.29e-05,8.282e-05,752.47617366,704,1176,10309.99999998,5819,6282,5858.42838043,0.8302642999983895,15.20321739063085,12.557471275438791
2018-01-30T23:08:27.093,8.888e-05,8.888e-05,8.8e-05,810.16829561,693,1125,10300.0,5829,6276,5860.06270212,0.915464,9.032152236261613,2.1566815512088464
2018-01-30T23:08:27.093,8.888e-05,8.888e-05,8.8e-05,810.16829561,693,1125,10300.0,5826,6275,5860.64247911,0.915464,2.99852830049329,7.628960501327556
2018-01-30T23:09:33.173,8.503e-05,8.653e-05,8.551e-05,880.66559532,608,1336,10300.0,5827,6287,5861.21250427,0.8758090000000001,2.1903919678022397,9.863168913350412
2018-01-30T23:10:06.11,7.222e-05,7.222e-05,7.1e-05,923.28667899,536,1448,10330.0,5824,6286,5872.47000105,0.7460325999999999,3.056571512760577,9.848250900167944
2018-01-30T23:10:28.127,6.88e-05,6.999e-05,6.88e-05,948.73261731,534,1463,10300.0,5822,6290,5883.18058696,0.70864,4.726258944126538,5.969146630038107
2018-01-30T23:11:17.72,7.5e-05,7.499e-05,7.473e-05,1000.01199259,683,1436,10315.0,5826,6287,5881.5342817,0.7736249999999999,10.2946854598369,1.9419214778181342
2018-01-30T23:11:48.173,7.7e-05,7.896e-05,7.79e-05,1026.62819729,744,1501,10329.99999999,5826,6286,5883.08307283,0.7954099999992299,4.619564088453695,3.678518974509341
2018-01-30T23:12:15.14,7.8e-05,7.896e-05,7.8e-05,1056.35892452,724,1558,10321.0,5826,6283,5884.8929008,0.805038,1.3006535321556014,3.394324188421719
2018-01-30T23:12:54.063,7.211e-05,7.473e-05,7.349e-05,1095.88284929,633,1671,10321.0,5830,6285,5884.82539274,0.74424731,3.5503733199918432,6.664622371756686
2018-01-30T23:13:22.753,7.25e-05,7.25e-05,7.248e-05,1116.08355873,734,1776,10318.9359,5833,6287,5886.71929527,0.74812285275,5.550596260523185,2.4405261932801654
2018-01-30T23:13:56.377,7.312e-05,7.337e-05,7.315e-05,1135.24474302,773,1789,10300.0,5831,6289,5889.05692809,0.753136,4.951538421725293,3.3024429561453728
2018-01-30T23:14:38.563,7.511e-05,7.598e-05,7.511e-05,1171.82942836,834,1758,10318.93589999,5831,6289,5894.44314128,0.7750552754482489,6.158950792185608,1.9447781566024165
2018-01-30T23:15:08.797,7.759e-05,7.629e-05,7.598e-05,1187.68104926,796,1784,10318.9359,5832,6293,5894.51074664,0.800646236481,2.3358950911141156,10.782084681187476
2018-01-30T23:15:41.297,7.6e-05,7.602e-05,7.6e-05,1208.38063576,813,1860,10318.9359,5835,6296,5893.76324171,0.7842391284000001,8.23636786050024,6.13517089001696
2018-01-30T23:16:17.643,7.512e-05,7.515e-05,7.512e-05,1233.24667608,799,1971,10318.93589993,5833,6293,5893.76398421,0.7751584648027416,3.7761812190526314,5.8585472735661055
2018-01-30T23:16:51.423,7.313e-05,7.313e-05,7.312e-05,1251.61241781,762,2074,10257.0,5842,6293,5891.7791216,0.75009441,6.66946770631358,3.9341117154061895
2018-01-30T23:17:23.08,7.3e-05,7.3e-05,7.299e-05,1275.97832336,731,2073,10257.0,5842,6293,5891.7791216,0.748761,2.0642809265788022,3.6955298124815332
2018-01-30T23:17:50.457,7.1e-05,7.037e-05,7.01e-05,1288.31246239,705,2172,10257.0,5842,6293,5891.7791216,0.7282470000000001,3.494954785666289,17.903870173751272
2018-01-30T23:18:09.223,6.742e-05,6.742e-05,6.702e-05,1298.80068818,628,2231,10318.9358111,5840,6294,5889.27245738,0.695702652384362,1.6014461617614062,7.189825987636221
2018-01-30T23:18:09.223,6.742e-05,6.742e-05,6.702e-05,1298.80068818,628,2231,10318.93581104,5838,6289,5886.84893661,0.6957026523803169,2.6346156431179137,8.02175601484311
2018-01-30T23:19:27.76,6.999e-05,6.88e-05,6.817e-05,1363.0454193,711,2187,10255.08450019,5820,6295,5899.45843343,0.717753364168298,1.5371172039358956,9.117597497816009
2018-01-30T23:19:58.43,6.804e-05,6.804e-05,6.801e-05,1377.73314832,722,2251,10279.14976009,5825,6297,5900.18637238,0.6993933496765237,1.3347018205988395,7.456931468446966
2018-01-30T23:20:30.197,6.804e-05,6.81e-05,6.804e-05,1398.70449332,756,2272,10208.0,5824,6295,5903.5761955,0.6945523200000001,3.460688175106811,4.104861905361492
2018-01-30T23:21:02.79,6.721e-05,6.702e-05,6.7e-05,1416.0211898,753,2313,10208.0,5829,6296,5906.07435715,0.68607968,1.1803516652898884,5.442511920680037
2018-01-30T23:21:37.823,6.569e-05,6.504e-05,6.503e-05,1432.59425006,729,2328,10269.78,5833,6291,5907.80218288,0.6746218482,6.8433845486984515,0.7694898901732461
2018-01-30T23:22:08.293,6.78e-05,6.78e-05,6.779e-05,1450.49959094,802,2327,10241.0,5858,6297,5910.20223345,0.6943398,4.329806101268535,5.309752404275689
2018-01-30T23:22:41.387,6.763e-05,6.78e-05,6.765e-05,1470.6448713,838,2346,10237.08,5853,6300,5910.14683191,0.6923337204,7.1234324014080865,6.515112651868202
2018-01-30T23:23:18.433,6.829e-05,6.826e-05,6.808e-05,1494.75569919,837,2358,10208.0,5836,6305,5917.04080522,0.69710432,4.052312088148073,2.460791906404933
2018-01-30T23:23:54.543,6.826e-05,6.808e-05,6.78e-05,1505.76278857,826,2432,10208.0,5840,6299,5922.36867105,0.69679808,5.001885466217853,7.0056751093152725
2018-01-30T23:24:25.04,6.766e-05,6.77e-05,6.766e-05,1514.9266898,828,2469,10199.0,5832,6299,5924.4967736,0.6900643399999999,4.3019356844434675,7.13596145247759
2018-01-30T23:25:08.01,6.569e-05,6.505e-05,6.504e-05,1533.89441656,781,2552,10188.27999998,5823,6279,5926.69210632,0.6692681131986863,2.2468324754948705,8.809667857824115
2018-01-30T23:25:37.277,6.3e-05,6.305e-05,6.3e-05,1547.59628956,725,2606,10158.68,5816,6282,5926.12912678,0.63999684,1.526094003226559,4.874370483237266
2018-01-30T23:26:19.01,6.25e-05,6.208e-05,6.2e-05,1578.57563634,715,2577,10267.42996436,5828,6286,5929.87435754,0.6417143727725001,8.381071496301853,6.014259981973301
2018-01-30T23:26:51.12,6.4e-05,6.569e-05,6.41e-05,1606.32937246,787,2531,10219.3224,5837,6296,5925.75194442,0.6540366335999999,5.052210155553101,4.137507780661956
2018-01-30T23:27:21.89,6.501e-05,6.566e-05,6.503e-05,1626.0582015,832,2539,10262.99999999,5858,6293,5922.04026365,0.6671976299993498,3.6791790325037925,3.8140612141294636
2018-01-30T23:27:52.763,6.77e-05,6.799e-05,6.79e-05,1646.14687699,879,2521,10260.99999999,5867,6293,5922.40669472,0.694669699999323,6.923325199838011,2.744994695305636
2018-01-30T23:28:25.513,6.701e-05,6.821e-05,6.805e-05,1673.44708861,834,2514,10200.0,5862,6294,5923.40936819,0.6835019999999999,8.986462106503364,3.3258920859991985
2018-01-30T23:28:55.543,6.596e-05,6.596e-05,6.575e-05,1688.12488184,874,2603,10222.99999999,5869,6293,5923.9631754,0.6743090799993403,9.017072409188795,6.2999845463802195
2018-01-30T23:29:28.22,6.706e-05,6.7e-05,6.696e-05,1697.76390385,911,2612,10258.99999999,5875,6295,5924.29909858,0.6879685399993293,13.8556553698869,4.662755064876775
2018-01-30T23:29:59.5,6.779e-05,6.77e-05,6.711e-05,1703.38331666,935,2624,10255.99999999,5876,6293,5924.32204892,0.695254239999322,4.404995793259593,6.05847030794877
2018-01-30T23:30:30.8,6.805e-05,6.851e-05,6.85e-05,1721.25084095,968,2578,10249.0,5879,6295,5924.48563776,0.69744445,8.782970569051566,1.5615021447522244
2018-01-30T23:30:58.863,7.2e-05,7.293e-05,7.2e-05,1736.65815396,996,2489,10260.99999999,5879,6293,5926.07509821,0.7387919999992799,4.62520858651557,10.571133676380478
2018-01-30T23:31:39.863,6.9e-05,6.901e-05,6.9e-05,1774.97176175,925,2603,10253.99999999,5882,6294,5926.07471964,0.7075259999993099,3.3574760674430157,8.333513326591977
2018-01-30T23:32:10.457,6.795e-05,6.779e-05,6.711e-05,1787.09065336,916,2677,10260.99999999,5886,6293,5926.59440125,0.6972349499993205,2.99329214385632,6.332228828010147
2018-01-30T23:32:42.253,6.952e-05,6.94e-05,6.935e-05,1803.94688637,971,2656,10260.99999998,5890,6293,5926.92415568,0.7133447199986096,4.9200380867346,4.0619666217201305
2018-01-30T23:33:13.27,6.803e-05,6.898e-05,6.803e-05,1824.39223563,957,2737,10262.0,5888,6291,5928.68342317,0.6981238599999999,7.032037418608137,7.3925436531172135
2018-01-30T23:33:43.567,6.881e-05,6.89e-05,6.881e-05,1836.14340943,1028,2803,10253.99999999,5891,6292,5928.86944647,0.7055777399993118,6.392796949588853,7.270868890498478
2018-01-30T23:34:14.677,6.901e-05,6.94e-05,6.903e-05,1850.07600855,1062,2803,10224.0,5892,6291,5929.19082055,0.70555824,3.7729133375565476,7.677466728022288
2018-01-30T23:34:46.19,7.05e-05,7.1e-05,7.05e-05,1871.29446579,1096,2753,10250.0,5897,6289,5929.23750954,0.7226250000000001,12.656840316305036,3.9769355846375505
2018-01-30T23:35:40.15,7e-05,6.95e-05,6.942e-05,1898.82635869,1070,2807,10223.0,5894,6293,5930.60555655,0.71561,8.304008914156313,4.0087606171477255
2018-01-30T23:36:11.42,6.95e-05,6.903e-05,6.902e-05,1915.50835886,1110,2862,10223.0,5894,6294,5931.78160571,0.7104984999999999,2.651997437801656,4.0116290541787185
2018-01-30T23:36:43.187,6.85e-05,6.84e-05,6.816e-05,1935.27740625,1049,2896,10222.0,5892,6290,5933.02759589,0.700207,7.967445006838971,11.499266342686203
2018-01-30T23:37:12.39,6.816e-05,6.816e-05,6.815e-05,1952.9950953,1040,2934,10223.0,5895,6292,5932.25841985,0.69679968,4.184920705023098,9.289394156990287
2018-01-30T23:37:50.14,6.796e-05,6.8e-05,6.796e-05,1965.30900658,1031,2974,10234.0,5900,6287,5931.4110825,0.6955026400000001,3.6209123719332554,4.301643067909065
2018-01-30T23:38:22.11,6.787e-05,6.78e-05,6.779e-05,1975.72566435,1050,3023,10261.73,5902,6286,5929.68459546,0.6964636151,2.856787206240087,3.0543592433221987
2018-01-30T23:38:53.733,6.761e-05,6.766e-05,6.761e-05,1985.35547621,1044,3054,10261.71165511,5903,6289,5929.52419957,0.6937943250019871,1.4514143886422204,2.2010208170416528
2018-01-30T23:39:24.203,6.731e-05,6.725e-05,6.718e-05,1990.05687674,1053,3126,10235.0,5900,6288,5929.61019244,0.68891785,2.5999939562403696,7.848563504916717
2018-01-30T23:39:54.797,6.612e-05,6.609e-05,6.605e-05,1998.62830006,996,3178,10212.78,5904,6286,5930.0944519,0.6752690136,1.9069531792404044,7.150494913489275
2018-01-30T23:40:27.127,6.499e-05,6.499e-05,6.496e-05,2018.00900085,920,3195,10212.78,5904,6292,5930.5031936,0.6637285722,0.4418470024944617,14.502786477796802
2018-01-30T23:40:56.97,6.358e-05,6.31e-05,6.305e-05,2027.90429266,895,3243,10249.99999998,5908,6286,5932.64259396,0.6516949999987284,2.024073950156637,5.552592324716337
2018-01-30T23:41:29.377,6.3e-05,6.31e-05,6.3e-05,2069.53966781,821,3171,10249.999,5909,6291,5932.81582759,0.6457499369999999,4.346033004643701,3.58953303208068
2018-01-30T23:42:00.487,6.53e-05,6.519e-05,6.518e-05,2078.87301654,860,3130,10213.00000001,5912,6291,5933.10793257,0.6669089000006531,4.256775283291957,1.5810841518034116
2018-01-30T23:42:32.02,6.4e-05,6.364e-05,6.329e-05,2095.79897007,827,3224,10243.99999997,5914,6292,5932.81094288,0.65561599999808,0,0
2018-01-30T23:43:09.253,6.2e-05,6.201e-05,6.2e-05,2114.24010635,832,3270,10212.78,5902,6293,5934.75437652,0.6331923600000001,5.877962239035983,1.5092221784117141
2018-01-30T23:43:40.193,6.4e-05,6.335e-05,6.33e-05,2121.98144451,883,3250,10212.5,5901,6295,5933.206033,0.6536,5.862035851762814,6.0203979725919865
2018-01-30T23:44:10.067,6.336e-05,6.385e-05,6.34e-05,2129.98765666,909,3281,10191.00000001,5899,6293,5931.38717712,0.6457017600006337,3.8220814934221465,6.4052219651527835
2018-01-30T23:44:41.613,6.342e-05,6.383e-05,6.341e-05,2140.83607993,921,3309,10191.0,5903,6293,5933.52146549,0.64631322,3.608902379112874,4.17292952202306
2018-01-30T23:45:12.193,6.353e-05,6.377e-05,6.353e-05,2146.94961273,947,3358,10191.00000001,5902,6298,5930.09200439,0.6474342300006353,3.5196819936070725,2.69485932002632
2018-01-30T23:46:07.6,6.384e-05,6.388e-05,6.385e-05,2158.75454849,978,3346,10191.0,5902,6294,5931.10672659,0.65059344,3.106539944187768,1.9687605496427067
2018-01-30T23:46:43.803,6.43e-05,6.43e-05,6.412e-05,2169.68722962,982,3366,10150.99999998,5873,6299,5940.90897297,0.6527092999987141,5.5617374428633095,4.832993480062918
2018-01-30T23:47:14.037,6.4e-05,6.412e-05,6.4e-05,2179.04059757,963,3383,10130.0,5857,6290,5941.00017987,0.64832,5.595145149107515,2.478248515894579
2018-01-30T23:47:45.903,6.388e-05,6.4e-05,6.388e-05,2194.33509098,948,3397,10115.0,5847,6281,5939.50466055,0.6461462,4.975904398117463,3.1640857234606155
2018-01-30T23:48:05.653,6.377e-05,6.377e-05,6.376e-05,2199.31437309,930,3434,10103.61,5844,6286,5939.22859251,0.6443072097,1.0209137328435656,5.149232528811949
2018-01-30T23:48:47.28,6.193e-05,6.055e-05,6.029e-05,2211.30582061,856,3499,10101.0,5842,6326,5951.23061305,0.62555493,6.972101953128044,9.270733341342837
2018-01-30T23:49:16.48,5.8e-05,5.74e-05,5.732e-05,2232.62317506,726,3529,10069.99999999,5799,6323,5962.51852844,0.5840599999994199,14.188422471041864,7.662239391788862
2018-01-30T23:49:49.92,6.055e-05,6.13e-05,6.061e-05,2262.99672186,781,3444,10058.72,5795,6289,5962.59699151,0.609055496,8.054225912291841,2.047197183412666
2018-01-30T23:50:21.343,6.052e-05,5.999e-05,5.941e-05,2280.63611894,810,3496,10048.92,5779,6267,5966.42370874,0.6081606384,1.414644058936395,4.21204196884387
2018-01-30T23:50:52.263,5.8e-05,5.879e-05,5.801e-05,2302.71409351,753,3538,10050.01,5774,6261,5972.49796081,0.58290058,9.984414589132351,1.9428150804938367
2018-01-30T23:51:23.123,5.801e-05,5.879e-05,5.806e-05,2320.40998529,794,3515,10050.01000001,5778,6298,5974.88980662,0.58300108010058,6.0624066784181165,1.4871508154909336
2018-01-30T23:51:54.843,5.853e-05,5.98e-05,5.9e-05,2324.65203068,818,3532,10080.16003001,5782,6327,5976.99347868,0.5899917665564852,8.268726444433792,3.047942101929553
2018-01-30T23:52:29.72,6.028e-05,6.05e-05,6.028e-05,2334.92361764,843,3534,10080.16003001,5783,6323,5978.69116205,0.6076320466090028,4.505625008525322,2.4083889054872314
2018-01-30T23:53:01.613,6.1e-05,6.123e-05,6.12e-05,2346.84869962,862,3522,10080.16003001,5790,6321,5990.22030037,0.61488976183061,6.550282309229504,1.1475596709401592
2018-01-30T23:53:31.943,6.13e-05,6.094e-05,6.088e-05,2359.95910483,864,3537,10102.0,5799,6328,5992.0178672,0.6192526,3.5579489003527147,5.24057435590977
2018-01-30T23:54:03.427,6.051e-05,6.05e-05,6.028e-05,2371.4570001,854,3572,10105.0,5803,6327,5993.65138963,0.61145355,5.340175915753406,4.242292861200253
2018-01-30T23:54:34.443,5.9e-05,5.89e-05,5.86e-05,2381.39528572,820,3603,10100.0,5813,6326,5993.32074149,0.5959,2.1665451142504426,7.292167357165019
2018-01-30T23:55:13.553,5.989e-05,6e-05,5.989e-05,2389.8601217,859,3590,10091.90000001,5829,6332,5993.15694475,0.6044038910005989,2.902090864175099,5.64492917424124
2018-01-30T23:55:45.163,5.9e-05,5.855e-05,5.852e-05,2394.39396055,879,3632,10091.90000001,5829,6332,5992.25276819,0.59542210000059,3.4641725501221377,7.220777311828556
2018-01-30T23:56:38.98,5.982e-05,5.983e-05,5.982e-05,2409.20026035,921,3653,10102.00000001,5832,6331,5992.68061641,0.6043016400005983,5.731937927925066,5.600491666935443
2018-01-30T23:57:24.217,6.002e-05,6.099e-05,6.06e-05,2418.26117301,928,3656,10102.00000001,5829,6323,5992.43692741,0.6063220400006002,6.626717492664507,6.188400827552517
2018-01-30T23:57:59.657,6.301e-05,6.35e-05,6.301e-05,2440.80858407,945,3581,10102.00000001,5830,6327,5993.43750161,0.6365270200006301,5.352648308771995,2.78872389369321
2018-01-30T23:58:32.143,6.15e-05,6.17e-05,6.15e-05,2463.42913994,898,3683,10142.4,5831,6326,5993.10971728,0.6237576,5.217176809781695,5.446016392802638
2018-01-30T23:59:04.957,6.171e-05,6.276e-05,6.214e-05,2468.46068319,922,3742,10145.0,5836,6313,5994.0695607,0.62604795,2.893228284622462,5.298218465876176
2018-01-30T23:59:36.69,6.22e-05,6.274e-05,6.248e-05,2477.21722717,935,3787,10180.99999999,5837,6313,5993.94351475,0.6332581999993779,0,0
2018-01-31T00:00:21.52,6.347e-05,6.378e-05,6.37e-05,2496.97166766,933,3759,10240.23092366,5851,6308,5995.15579342,0.6499474567247002,0,0
2018-01-31T00:00:55.193,6.731e-05,6.731e-05,6.7e-05,2541.12226404,977,3592,10200.0,5851,6308,6005.63488583,0.686562,3.9291557288337975,3.7427025559649736
2018-01-31T00:01:26.02,6.6e-05,6.58e-05,6.542e-05,2566.14855469,970,3644,10180.99999999,5851,6311,6007.75333134,0.67194599999934,3.9570286986797747,4.680375758393292
2018-01-31T00:01:57.223,6.42e-05,6.4e-05,6.37e-05,2582.17400271,965,3713,10180.99999999,5854,6316,6008.02482349,0.6536201999993579,1.1892141987523586,5.1150657716450825
2018-01-31T00:02:27.303,6.17e-05,6.102e-05,6.1e-05,2594.27290916,948,3772,10132.26000002,5855,6318,6007.49901697,0.625160442001234,10.940396108663153,1.3601425067904915
2018-01-31T00:02:59.57,6.06e-05,6.098e-05,6.08e-05,2625.38361352,965,3763,10104.00000001,5852,6319,6011.76913536,0.6123024000006061,3.3100878892133836,2.5327006115541173
2018-01-31T00:03:30.477,6.151e-05,6.272e-05,6.151e-05,2636.16094558,1002,3796,10091.90000001,5845,6320,6012.6780462,0.6207527690006152,6.115325293709284,1.9216283213155338
2018-01-31T00:04:02.413,6.12e-05,6.149e-05,6.12e-05,2647.44744536,989,3856,10050.0,5838,6316,6016.69906495,0.6150599999999999,5.282267407419777,4.234255080594537
2018-01-31T00:04:32.43,6.081e-05,6.053e-05,6.051e-05,2658.52047705,995,3904,10040.63518417,5827,6307,6014.31124737,0.6105710255493777,2.722755800282752,3.499902445129575
2018-01-31T00:05:11.387,5.9e-05,5.9e-05,5.897e-05,2682.42420624,892,3997,10089.93859999,5825,6307,6017.18001549,0.5953063773994101,2.778584616818763,4.886053779398283
2018-01-31T00:05:43.03,6e-05,6.01e-05,6e-05,2702.95064044,933,3954,10090.0,5829,6295,6026.38448661,0.6054,8.454836902355341,1.5615471404806947
2018-01-31T00:06:25.86,6.05e-05,6.05e-05,6.047e-05,2718.46648732,949,4002,10100.0099,5835,6292,6027.10246694,0.6110505989499999,3.498541960202818,2.5519615427923887
2018-01-31T00:07:15.533,5.934e-05,5.91e-05,5.905e-05,2727.69041373,939,4056,10040.06781,5818,6326,6028.21343682,0.5957776238454,7.028630916317342,2.1090975615160255
2018-01-31T00:07:47.69,5.911e-05,5.933e-05,5.912e-05,2737.37183849,928,4059,10119.83789997,5821,6320,6029.56595798,0.5981836182672267,6.648768491479851,4.073308390009164
2018-01-31T00:08:18.66,5.912e-05,5.934e-05,5.933e-05,2747.68034838,946,4071,10018.1,5824,6292,6030.03976933,0.592270072,7.077011481173255,3.1648511121133343
2018-01-31T00:08:50.643,6e-05,6.047e-05,6.001e-05,2754.16456299,964,4076,10110.97391051,5827,6293,6029.02823549,0.6066584346306,1.6006711514088687,0.9645374657557388
2018-01-31T00:09:21.737,5.987e-05,5.987e-05,5.98e-05,2762.79303172,965,4103,10110.97391051,5834,6327,6029.30528277,0.6053440080222336,0.5095980552929276,8.319783385515901
2018-01-31T00:09:52.033,5.933e-05,5.925e-05,5.92e-05,2767.8844543,966,4123,10110.97391049,5831,6329,6030.36060316,0.5998840821093717,2.737969197905865,4.788896042530163
2018-01-31T00:10:23.69,5.893e-05,5.886e-05,5.875e-05,2775.12433087,942,4149,10059.0,5834,6330,6033.06499451,0.59277687,3.1957211451193928,5.540536518797188
2018-01-31T00:10:54.287,5.826e-05,5.826e-05,5.82e-05,2784.53201518,893,4200,10059.0,5838,6331,6032.99882457,0.58603734,3.155127688457201,3.5496252097686454
2018-01-31T00:11:26.02,5.89e-05,5.9e-05,5.873e-05,2797.73642259,910,4162,10059.00000004,5841,6336,6033.79478689,0.592475100002356,7.521380161683815,1.2405916885698374
2018-01-31T00:11:56.727,5.912e-05,5.912e-05,5.893e-05,2803.14587447,917,4170,10059.00000004,5846,6326,6039.38810057,0.5946880800023648,3.8181370140671897,2.7362441207927035
2018-01-31T00:12:28.43,5.861e-05,5.87e-05,5.861e-05,2812.50521936,893,4191,10059.0,5844,6328,6040.5406303,0.58955799,5.971463526423246,1.3540780290403855
2018-01-31T00:13:00.117,5.861e-05,5.861e-05,5.85e-05,2815.85349604,928,4192,10110.97391049,5847,6322,6040.58635151,0.5926041808938189,10.220476223956032,0.9511373262434408
2018-01-31T00:13:25.29,5.861e-05,5.903e-05,5.862e-05,2818.3422403,951,4234,10134.96641024,5851,6323,6041.38914254,0.5940103813041664,4.351890844092937,1.923080557859771
2018-01-31T00:14:02.117,5.912e-05,5.914e-05,5.912e-05,2821.71103245,959,4235,10119.12236219,5852,6323,6042.05071311,0.5982425140526729,5.666482678181588,1.4563225944035567
2018-01-31T00:14:35.01,5.961e-05,5.96e-05,5.959e-05,2825.82652292,980,4240,10065.34698821,5847,6323,6046.32525311,0.5999953339671981,4.8906192077553925,0.5660522630667779
2018-01-31T00:15:14.447,6.012e-05,6.06e-05,6.047e-05,2834.77679577,983,4214,10147.26999997,5848,6318,6048.41763093,0.6100538723981964,4.6045118387194295,1.1904071064119286
2018-01-31T00:15:47.12,6.04e-05,6e-05,5.935e-05,2843.59155192,956,4228,10137.26999999,5850,6319,6048.46640843,0.6122911079993959,4.443303603137342,3.760459937629599
2018-01-31T00:16:19.15,5.961e-05,5.961e-05,5.96e-05,2846.28753541,960,4248,10125.16999999,5856,6321,6047.58340288,0.6035613836994038,1.677394864557837,1.4727223930807876
2018-01-31T00:16:52.133,5.871e-05,5.911e-05,5.871e-05,2851.26830507,936,4277,10100.16999999,5859,6327,6047.0269523,0.5929809806994129,3.9571735583549374,4.02764796038442
2018-01-31T00:17:39.557,5.912e-05,5.912e-05,5.911e-05,2858.58378143,966,4289,10100.16999998,5860,6327,6049.13400831,0.5971220503988176,3.9571735583549374,4.02764796038442
2018-01-31T00:18:10.653,5.877e-05,5.874e-05,5.87e-05,2861.57496912,960,4307,10100.16999998,5866,6328,6048.50211401,0.5935869908988246,2.0863025876490946,5.423690088671137
2018-01-31T00:18:41.437,5.87e-05,5.85e-05,5.805e-05,2866.1871084,941,4308,10100.16999998,5868,6327,6048.46813705,0.5928799789988259,0,0
2018-01-31T00:19:14.08,5.869e-05,5.852e-05,5.806e-05,2872.47062865,945,4314,10125.16999997,5865,6327,6048.49988596,0.5942462272982393,6.276274332592233,1.3815761497539354
2018-01-31T00:19:44.877,5.78e-05,5.772e-05,5.764e-05,2886.99510569,864,4335,10125.16999997,5864,6326,6048.55723936,0.585234825998266,0.7222703582173667,4.791643876053171
2018-01-31T00:20:22.937,5.7e-05,5.7e-05,5.689e-05,2903.94939937,814,4371,10122.2,5869,6330,6046.22633925,0.5769654000000001,2.2591929496006324,4.846686198549512
2018-01-31T00:21:02.83,5.517e-05,5.689e-05,5.595e-05,2917.45407132,769,4387,10122.0,5869,6330,6045.64480605,0.55843074,6.7663169208797855,1.819300048972035
2018-01-31T00:21:32.797,5.701e-05,5.714e-05,5.706e-05,2934.24335888,805,4323,10122.0,5864,6330,6043.27904339,0.57705522,3.5197685354425063,1.6277483092164569
2018-01-31T00:22:11.63,5.789e-05,5.799e-05,5.789e-05,2945.2592285,836,4324,10143.2,5869,6327,6044.21480207,0.5871898480000001,4.840169656565763,7.670997773221139
2018-01-31T00:22:42.317,5.706e-05,5.7e-05,5.648e-05,2951.93609167,809,4357,10143.2,5869,6327,6044.21480207,0.578770992,4.609672948613413,3.1604252553551753
2018-01-31T00:23:14.177,5.64e-05,5.644e-05,5.641e-05,2960.04766044,815,4401,10147.0,5874,6324,6044.74790252,0.5722908,3.2527093099962885,2.95787262868564
2018-01-31T00:23:47.27,5.648e-05,5.7e-05,5.648e-05,2965.42466178,834,4401,10147.0,5873,6327,6043.14917073,0.57310256,3.8330074303281196,3.1746233357610345
2018-01-31T00:24:18.413,5.75e-05,5.71e-05,5.706e-05,2967.87842154,849,4405,10200.0,5875,6312,6044.73553166,0.5865,6.321971679422226,5.3260697725338595
2018-01-31T00:24:49.54,5.72e-05,5.716e-05,5.71e-05,2970.65394763,856,4431,10200.0,5879,6320,6050.5499045,0.58344,6.261547322766093,1.05794903554981
2018-01-31T00:25:22.587,5.8e-05,5.738e-05,5.73e-05,2976.2274609,875,4424,10219.77,5877,6327,6053.62944774,0.59274666,7.429333173215663,4.680746449639447
2018-01-31T00:25:56.167,5.74e-05,5.788e-05,5.74e-05,2978.31615657,896,4450,10200.0,5876,6331,6054.11027813,0.58548,5.092888232762709,4.750384304985667
2018-01-31T00:26:26.31,5.81e-05,5.79e-05,5.789e-05,2982.18638115,912,4441,10165.0,5876,6328,6054.54376331,0.5905865,3.6232206136648974,0.9331792305332417
2018-01-31T00:26:57.51,5.84e-05,5.89e-05,5.85e-05,2992.44570839,920,4419,10165.0,5881,6326,6054.57649448,0.593636,4.023800054340133,4.648811419254076
2018-01-31T00:27:28.73,5.79e-05,5.743e-05,5.74e-05,2997.16876198,897,4443,10198.0,5876,6333,6055.49109424,0.5904642,5.058730936863084,5.942940316247447
2018-01-31T00:28:08.42,5.69e-05,5.67e-05,5.663e-05,3006.7368883,871,4489,10189.89999998,5887,6339,6055.3598454,0.579805309998862,2.6053546463474535,5.910733531662064
2018-01-31T00:28:47.17,5.676e-05,5.701e-05,5.676e-05,3010.5211105,889,4504,10189.79999994,5892,6336,6055.34642239,0.5783730479965944,3.558843055182639,8.484434489733623
2018-01-31T00:29:18.297,5.672e-05,5.671e-05,5.67e-05,3011.26756742,896,4532,10188.99999996,5899,6339,6055.3816073,0.5779200799977312,1.2487615227982993,6.746628459984162
2018-01-31T00:29:55.797,5.624e-05,5.63e-05,5.624e-05,3016.03388756,873,4577,10175.99999996,5898,6341,6055.11411912,0.5722982399977504,1.3751034893981906,2.633688916370777
2018-01-31T00:30:28.093,5.676e-05,5.651e-05,5.645e-05,3020.5509159,872,4538,10188.99999996,5898,6340,6062.30695733,0.5783276399977296,3.0949743248331303,4.6189140853398465
2018-01-31T00:30:58.797,5.688e-05,5.688e-05,5.687e-05,3022.24453514,880,4538,10159.2,5886,6342,6063.77531454,0.577855296,6.3391189231146825,7.94060489228127
2018-01-31T00:31:30.517,5.651e-05,5.649e-05,5.622e-05,3028.26889531,880,4570,10157.41726996,5882,6335,6063.47367577,0.5739956499254396,2.7222767949015587,1.0792559954395153
2018-01-31T00:32:08.44,5.621e-05,5.649e-05,5.622e-05,3034.23960449,887,4574,10125.0,5881,6339,6065.19020398,0.56912625,5.236252337879069,4.641063919771284
2018-01-31T00:32:41.33,5.623e-05,5.621e-05,5.62e-05,3042.11117091,893,4585,10125.0,5883,6339,6064.78941806,0.56932875,2.973252712314857,1.5215845323851211
2018-01-31T00:33:14.16,5.614e-05,5.614e-05,5.613e-05,3044.3923652,891,4602,10101.12784506,5877,6339,6065.34778076,0.5670773172216684,2.7083513722063937,2.2870447014880497
2018-01-31T00:33:45.943,5.599e-05,5.562e-05,5.555e-05,3050.85208169,850,4611,10099.92735897,5874,6338,6065.51248228,0.5654949328287303,5.292019266829128,1.5093509351979
2018-01-31T00:34:16.817,5.5e-05,5.403e-05,5.402e-05,3054.3236309,826,4639,10068.96785637,5871,6341,6065.16654114,0.55379323210035,5.412950697613047,8.158884864111142
2018-01-31T00:34:47.883,5.3e-05,5.289e-05,5.28e-05,3073.59885502,722,4640,10088.37143377,5883,6328,6065.40347699,0.53468368598981,1.6346851770308708,2.24090434509491
2018-01-31T00:35:19.04,5.4e-05,5.5e-05,5.45e-05,3087.89957845,753,4580,10114.87,5881,6322,6065.43430784,0.54620298,4.136614841776148,2.8793287430767625
2018-01-31T00:35:50.383,5.42e-05,5.4e-05,5.35e-05,3093.57004681,750,4605,10100.0,5884,6323,6066.90845812,0.54742,3.0126451117601674,7.037956998202953
2018-01-31T00:36:20.667,5.263e-05,5.262e-05,5.256e-05,3099.82982099,729,4648,10100.0,5882,6326,6066.74653494,0.531563,1.68529107769491,2.5328073299265172
2018-01-31T00:36:52.977,5.255e-05,5.255e-05,5.24e-05,3120.40476844,743,4608,10058.0,5879,6340,6067.59271985,0.5285479,7.428212939416328,3.0210110723251478
2018-01-31T00:37:26.167,5.294e-05,5.34e-05,5.3e-05,3128.69195669,782,4601,10030.0,5858,6339,6074.27551318,0.5309882,5.207930588490894,2.22778739326309
2018-01-31T00:37:57.167,5.3e-05,5.337e-05,5.3e-05,3134.84744874,797,4609,10030.0,5861,6344,6075.07244276,0.53159,5.046062927961244,2.7830432799794673
2018-01-31T00:38:40.387,5.3e-05,5.274e-05,5.267e-05,3141.25757041,805,4603,10030.0,5849,6345,6083.08382407,0.53159,4.6078375918438645,4.0489085703440235
2018-01-31T00:39:11.713,5.233e-05,5.138e-05,5.137e-05,3152.66995157,754,4653,10009.86,5832,6351,6106.37456527,0.5238159738,12.544152795432552,5.705921683780588
2018-01-31T00:39:57.48,5.185e-05,5.185e-05,5.153e-05,3178.08603632,731,4637,9933.67837504,5744,6342,6134.75943818,0.5150612237458241,8.030592247188078,1.5180750864830812
2018-01-31T00:40:28.7,5.138e-05,5.151e-05,5.15e-05,3187.59618775,741,4685,9998.99999997,5727,6310,6150.20342787,0.5137486199984586,3.3750267368196716,1.9712100000382935
2018-01-31T00:40:59.67,5.15e-05,5.139e-05,5.138e-05,3199.06150433,755,4656,9989.99999998,5557,6289,6203.3307656,0.51448499999897,1.287086312617891,4.628019502359639
2018-01-31T00:41:30.763,5.1e-05,5.06e-05,5.056e-05,3210.62794954,706,4683,9865.434915,5558,6315,6206.54199689,0.503137180665,0.9345564182389159,8.335826814834565
2018-01-31T00:42:00.89,4.8e-05,4.8e-05,4.789e-05,3230.94502682,555,4702,9890.0,5562,6327,6206.82790516,0.47472000000000003,3.131064101533165,5.888462566050224
2018-01-31T00:42:32.86,5.1e-05,5.121e-05,5.1e-05,3246.55657847,605,4607,9990.0,5562,6324,6221.43721858,0.50949,4.881777436325696,1.4554075323005886
2018-01-31T00:43:04.283,5.15e-05,5.234e-05,5.2e-05,3252.81623328,611,4591,9978.80283687,5568,6330,6226.13659376,0.513908346098805,19.00351894417585,1.8920560372016115
2018-01-31T00:43:36,5.2e-05,5.22e-05,5.16e-05,3260.27332119,624,4603,9920.09631004,5572,6355,6228.61506709,0.51584500812208,16.772300132113482,3.6935815254740283
2018-01-31T00:44:06.94,4.826e-05,4.9e-05,4.85e-05,3278.29195538,588,4640,9930.0,5564,6354,6236.54272482,0.47922180000000003,4.073661522516253,4.658063025725119
2018-01-31T00:44:37.253,5.1e-05,5.143e-05,5.126e-05,3289.17136622,633,4603,9870.53667489,5564,6348,6239.2251643,0.5033973704193899,15.691226271283023,2.7776352805728575
2018-01-31T00:45:13.93,4.915e-05,4.996e-05,4.92e-05,3296.35112345,645,4626,9901.0,5571,6340,6242.37418202,0.48663415000000004,1.815249382445502,5.267656612141278
2018-01-31T00:45:50.633,5.046e-05,5.099e-05,5.003e-05,3304.4192635,676,4614,9901.9901,5578,6332,6242.15014645,0.49965442044600006,12.365694787347316,3.9811731357743056
2018-01-31T00:46:21.26,5.14e-05,5.101e-05,5.1e-05,3309.18137425,685,4612,9901.9901,5576,6355,6257.76806957,0.50896229114,10.888359016771512,3.7987809708197053
2018-01-31T00:47:01.027,5.001e-05,5.09e-05,5.001e-05,3316.07460512,690,4646,9910.9901,5581,6355,6259.06446271,0.49564861490100004,0.2454426224153128,6.783439731050607
2018-01-31T00:47:32.26,5.014e-05,5.049e-05,5.019e-05,3320.13373877,698,4637,9930.0,5594,6352,6259.69865785,0.49789019999999995,2.74431534021166,4.413407147850495
2018-01-31T00:48:02.183,5.088e-05,5.096e-05,5.088e-05,3325.89268121,727,4640,9919.0,5599,6357,6262.01496713,0.50467872,7.288293607854702,3.657098983549839
2018-01-31T00:49:10.933,5.224e-05,5.263e-05,5.223e-05,3347.16318635,745,4609,9895.85267088,5591,6360,6269.09012395,0.5169593435267712,2.3672201171028893,3.1572392615167426
2018-01-31T00:49:41.793,5.129e-05,5.129e-05,5.11e-05,3354.31771026,736,4622,9900.0,5594,6358,6271.61946535,0.507771,1.3946199780457202,4.1121993749211025
2018-01-31T00:50:16.407,5.11e-05,5.1e-05,5.09e-05,3356.63884769,738,4630,9950.0,5598,6359,6271.94121642,0.508445,8.975598471851697,3.367442250543015
2018-01-31T00:50:47.63,5.116e-05,5.187e-05,5.116e-05,3362.89454081,749,4660,9902.0,5595,6361,6272.77296557,0.50658632,2.6347993262505334,2.6446075106465665
2018-01-31T00:51:20.707,5.184e-05,5.184e-05,5.15e-05,3364.96169821,775,4664,9905.79072115,5616,6360,6270.51706867,0.513516190984416,5.604168403819102,1.9016806952352483
2018-01-31T00:51:51.88,5.15e-05,5.15e-05,5.136e-05,3366.51252098,767,4679,9905.79072115,5616,6364,6271.54074996,0.5101482221392251,4.895258972646634,2.4897644552242433
2018-01-31T00:52:23.02,5.153e-05,5.18e-05,5.153e-05,3370.39386277,779,4673,9905.79072117,5625,6361,6271.99558041,0.5104453958618902,3.9935545202833285,2.0800858052280025
2018-01-31T00:52:53.723,5.118e-05,5.118e-05,5.09e-05,3376.39587589,759,4690,9935.0,5628,6362,6275.04599062,0.5084733,6.871389701462554,1.4380059615534608
2018-01-31T00:53:25.63,5.035e-05,5.035e-05,5.02e-05,3386.34392778,742,4694,9901.79072115,5618,6365,6277.6749812,0.4985551628099025,4.66613489772376,2.342404431231484
2018-01-31T00:53:56.193,5.055e-05,5.12e-05,5.055e-05,3389.87884259,765,4694,9900.00000001,5619,6368,6282.03685311,0.5004450000005055,2.089549601400203,2.296971225238281
2018-01-31T00:54:26.04,5.07e-05,5.058e-05,5.056e-05,3391.06644179,781,4709,9854.73579165,5621,6364,6283.67156338,0.499635104636655,2.3710720366666282,1.527477206963833
2018-01-31T00:54:57.04,5.056e-05,5.098e-05,5.056e-05,3396.1903456,766,4711,9870.0,5618,6335,6285.82959429,0.49902719999999995,1.8173528653084938,1.2123128267321217
2018-01-31T00:55:29.26,5.042e-05,5.051e-05,5.037e-05,3399.87715909,764,4714,9870.0,5632,6334,6286.75569016,0.4976454,3.6096786257045097,1.1703026783852324
2018-01-31T00:55:58.447,5.042e-05,5.042e-05,5.04e-05,3403.23813009,765,4722,9876.16,5644,6368,6288.83755013,0.4979559872,3.5442478124700245,1.2413642051979457
2018-01-31T00:56:31.307,4.973e-05,4.999e-05,4.986e-05,3411.25029581,720,4742,9871.0,5652,6360,6294.07125793,0.49088483,1.4638257863393132,3.0313813298060444
2018-01-31T00:57:01.653,4.9e-05,4.864e-05,4.858e-05,3417.82129637,692,4741,9870.0,5644,6364,6297.66314762,0.48363,1.9408223107861378,2.5812587915203724
2018-01-31T00:57:33.593,4.9e-05,4.998e-05,4.91e-05,3424.91919939,699,4730,9830.0,5634,6367,6299.01692298,0.48167,5.643639988630653,1.9551010983355464
2018-01-31T00:58:02.863,4.913e-05,4.991e-05,4.943e-05,3430.77386982,720,4758,9830.0,5626,6354,6313.67707155,0.4829479,3.127071813451986,3.481786903859159
2018-01-31T00:58:34.393,4.914e-05,4.989e-05,4.943e-05,3433.13022075,730,4779,9814.52770786,5631,6314,6328.29340969,0.48228589156424034,1.9545830484808588,1.476037586159083
2018-01-31T00:59:06.253,4.943e-05,4.943e-05,4.94e-05,3435.20621291,741,4776,9834.34159129,5631,6307,6332.87314659,0.4861115048574647,1.1267234125236978,3.943884261743298
2018-01-31T00:59:41.49,4.854e-05,4.94e-05,4.9e-05,3439.31690178,709,4794,9840.00000001,5642,6363,6333.89866607,0.47763360000048544,1.868553936465086,2.3155343244120323
2018-01-31T01:00:15.397,4.86e-05,4.9e-05,4.862e-05,3442.2808082,717,4797,9819.696457,5650,6362,6331.35370232,0.47723724781020005,1.3375470310874513,2.2857827070589516
2018-01-31T01:00:46.693,4.9e-05,4.87e-05,4.862e-05,3445.40916169,725,4792,9818.0,5647,6360,6330.99701349,0.481082,2.5889214141553984,2.0523497222354075
2018-01-31T01:01:17.897,4.9e-05,4.939e-05,4.9e-05,3452.85677036,726,4786,9809.86,5650,6361,6333.16390905,0.48068314,10.069580876006174,1.6189578351336018
2018-01-31T01:01:48.773,4.939e-05,4.942e-05,4.939e-05,3460.24768619,727,4782,9797.912,5569,6359,6354.021235,0.48391887368000003,8.281731646115636,2.267912830438663
2018-01-31T01:02:19.993,4.9e-05,4.871e-05,4.87e-05,3461.5128752,731,4798,9780.99999999,5561,6365,6361.09017574,0.47926899999950995,12.069864046189446,2.9569729333130805
2018-01-31T01:02:52.26,4.9e-05,4.9e-05,4.897e-05,3468.14899867,731,4790,9732.06384999,5503,6362,6367.50617164,0.47687112864951,14.041396358222855,2.4504578540736754
2018-01-31T01:03:23.983,4.874e-05,4.872e-05,4.871e-05,3470.59287976,742,4819,9721.0,5495,6315,6370.92368323,0.47380153999999997,9.177236096550345,3.9709712891109405
2018-01-31T01:03:55.403,4.767e-05,4.761e-05,4.737e-05,3480.94617156,670,4839,9711.0,5476,6310,6374.89894499,0.46292337,0.9823462254123024,1.5341941840322422
2018-01-31T01:04:29.06,4.712e-05,4.767e-05,4.742e-05,3489.19438985,657,4829,9700.0,5410,6349,6419.23522108,0.457064,11.393834467146954,1.2938491728812664
2018-01-31T01:04:59.453,4.801e-05,4.85e-05,4.801e-05,3496.61403252,675,4818,9700.0,5414,6342,6426.53054749,0.465697,12.696643651594977,0.9977018103131993
2018-01-31T01:05:30.83,4.8e-05,4.801e-05,4.8e-05,3503.67531035,684,4833,9787.59921971,5422,6342,6434.15131818,0.46980476254608006,11.161083382917996,1.6064471248007182
2018-01-31T01:06:02.75,4.81e-05,4.803e-05,4.802e-05,3506.80276345,697,4827,9720.0,5426,6355,6437.21527358,0.46753199999999995,9.583001336942747,2.4249903607367616
2018-01-31T01:06:33.237,4.785e-05,4.785e-05,4.758e-05,3510.1294292,691,4837,9720.0,5434,6360,6436.97453731,0.46510199999999996,9.979242707214928,2.678786784761635
2018-01-31T01:07:04.05,4.758e-05,4.742e-05,4.737e-05,3515.30753568,683,4839,9715.09999998,5434,6356,6438.68246814,0.46224445799904845,3.427615433767043,5.84745369214007
2018-01-31T01:07:35.49,4.648e-05,4.659e-05,4.65e-05,3529.76117264,648,4835,9715.09999998,5427,6356,6449.43566927,0.45155784799907045,2.281999341738251,6.982464187729193
2018-01-31T01:08:06.3,4.758e-05,4.753e-05,4.69e-05,3537.08128088,680,4822,9702.00000001,5430,6353,6456.61876234,0.46162116000047587,7.505213730193413,5.223347569245845
2018-01-31T01:08:37.663,4.741e-05,4.738e-05,4.701e-05,3539.96969175,703,4834,9713.4236144,5434,6361,6458.30841934,0.46051341355870407,4.108175401225575,5.916594086011998
2018-01-31T01:09:10.697,4.74e-05,4.73e-05,4.701e-05,3542.33199744,700,4849,9700.0,5442,6363,6461.48965089,0.45978,6.646687954341068,5.132647470079156
2018-01-31T01:10:11.573,4.874e-05,4.85e-05,4.812e-05,3554.48314534,720,4811,9740.00000001,5450,6352,6471.92765505,0.4747276000004874,3.537335916306419,1.6805951055312793
2018-01-31T01:10:42.23,4.901e-05,4.901e-05,4.9e-05,3558.82715773,728,4819,9780.97800012,5457,6345,6479.50802552,0.4793657317858812,2.916647990138582,2.913091893791469
2018-01-31T01:11:13.717,4.911e-05,4.911e-05,4.9e-05,3563.22287409,733,4827,9820.0,5457,6340,6486.75355533,0.4822602,5.003153728766911,1.3128322067985392
2018-01-31T01:11:45.657,4.969e-05,4.939e-05,4.93e-05,3566.99538888,753,4824,9845.46,5461,6334,6492.39837814,0.48922090739999996,4.114351108211902,2.1199392040565264
2018-01-31T01:12:15.187,5.1e-05,5.098e-05,5.05e-05,3573.15031611,757,4794,9878.64868346,5463,6332,6498.20608711,0.50381108285646,2.9884136882454566,0.7691961226034745
2018-01-31T01:12:47.927,5.195e-05,5.195e-05,5.164e-05,3582.38479955,746,4799,9945.85037518,5470,6320,6506.00944101,0.516686926990601,3.630348115732025,1.0646378099702645
2018-01-31T01:13:18.067,5e-05,5.101e-05,5.05e-05,3586.59805226,728,4820,9968.54,5473,6316,6507.8979622,0.49842700000000006,1.9700037412800748,8.400505172349638
2018-01-31T01:13:50.01,4.9e-05,4.939e-05,4.929e-05,3596.28486934,715,4841,9941.285487,5473,6312,6527.8429568,0.48712298886299993,1.5720235796261295,0.8343141731361218
2018-01-31T01:14:20.917,4.945e-05,4.99e-05,4.95e-05,3598.56224977,740,4844,9942.00000001,5472,6311,6534.12525965,0.49163190000049456,3.1827138832568362,0.6275469039760069
2018-01-31T01:14:51.603,4.96e-05,5.049e-05,4.99e-05,3600.52740683,754,4849,9942.00000002,5475,6332,6540.25285391,0.49312320000099197,2.3637209908351857,2.6851232760261197
2018-01-31T01:15:22.483,5e-05,5.03e-05,5e-05,3601.30124022,762,4880,9966.02,5479,6332,6541.72637846,0.49830100000000005,2.2944013431934707,1.4549321877076635
2018-01-31T01:15:54.223,5.077e-05,5.1e-05,5.077e-05,3604.10807633,779,4879,9966.02000001,5479,6330,6543.60762271,0.5059748354005076,1.7374164169891564,3.5529516324790307
2018-01-31T01:16:24.817,5.148e-05,5.148e-05,5.147e-05,3608.86411084,783,4881,9985.0,5485,6328,6548.73858403,0.5140278,1.831844632651336,3.441304965174753
2018-01-31T01:16:56.083,5.1e-05,5.139e-05,5.1e-05,3614.48148579,770,4905,9998.99999115,5491,6321,6554.84600857,0.50994899954865,2.0058653353974503,2.4767163056667236
2018-01-31T01:17:27.49,5.139e-05,5.086e-05,5.075e-05,3618.76903888,768,4930,10000.0,5485,6312,6560.05561182,0.5139,0.8628622628109631,1.1641600254063378
2018-01-31T01:17:57.943,5.05e-05,5.05e-05,5.01e-05,3621.20506636,762,4943,10000.0,5486,6308,6578.73343528,0.505,2.094832898531794,8.65759390562214
2018-01-31T01:18:29.333,4.937e-05,4.94e-05,4.937e-05,3625.20657813,740,4959,9905.19500001,5468,6326,6587.54597398,0.48901947715049376,1.0485261750590193,1.420583967787994
2018-01-31T01:19:01.477,4.828e-05,4.886e-05,4.853e-05,3628.2362797,738,4962,9878.05612429,5467,6327,6590.09199728,0.4769125496807212,1.1969929594963602,1.4193153634985451
2018-01-31T01:19:32.68,4.89e-05,4.89e-05,4.853e-05,3631.21767684,757,4952,9933.01999998,5476,6328,6593.14091252,0.4857246779990221,3.1475775310689844,1.2505298810680892
2018-01-31T01:20:03.273,4.993e-05,5.095e-05,4.994e-05,3634.67308352,765,4949,9878.04612429,5477,6345,6601.81900762,0.4932108429857997,5.743360807513171,3.3606565603798333
2018-01-31T01:20:40.803,5.051e-05,5.08e-05,5.051e-05,3639.9810002,780,4967,9930.01999999,5478,6331,6600.32260573,0.5015653101994949,4.976210166926085,3.317279294966201
2018-01-31T01:21:12.807,5.082e-05,5.08e-05,5.052e-05,3642.81517688,783,4964,9878.04612433,5487,6329,6598.7141197,0.5020023040384506,2.7507202104127697,5.244653054389503
2018-01-31T01:21:43.703,5.04e-05,5.04e-05,5.019e-05,3645.48654669,781,4983,9878.04612431,5483,6332,6603.95945177,0.497853524665224,2.705457623596362,2.464492367596605
2018-01-31T01:22:15.313,4.94e-05,5e-05,4.995e-05,3650.97279735,767,4994,9917.01999996,5482,6338,6605.90955192,0.48990078799802406,1.152757339420978,3.506366626831898
2018-01-31T01:22:45.83,4.941e-05,4.941e-05,4.94e-05,3652.00219568,781,5024,9855.4,5481,6337,6609.63551686,0.48695531400000003,1.4284992945589297,3.1775038528077877
2018-01-31T01:23:17.03,4.942e-05,5.028e-05,5e-05,3654.31813482,792,5022,9877.999,5489,6334,6613.49538055,0.48817071057999994,3.647418961061263,1.9591881503215245
2018-01-31T01:23:48.39,5.04e-05,5.04e-05,5.002e-05,3655.86268697,807,5031,9878.0,5505,6336,6618.51204437,0.4978512,1.8701301391174994,2.580178658777253
2018-01-31T01:24:19.25,5.002e-05,5.04e-05,5.002e-05,3658.37494297,812,5034,9860.00000001,5511,6341,6619.16483289,0.4931972000005002,1.8273464333080278,2.2825645670674426
2018-01-31T01:24:50.94,5e-05,5.004e-05,5e-05,3660.82538116,806,5048,9875.999,5522,6343,6620.51486019,0.49379995,1.8309062598944748,3.565610026664724
2018-01-31T01:25:20.19,5e-05,5.03e-05,5e-05,3664.43165405,800,5054,9875.999,5529,6336,6623.74764067,0.49379995,2.73693578249264,2.271833800904896
2018-01-31T01:25:52.94,5.039e-05,5.039e-05,5.037e-05,3665.40068212,832,5050,9876.0,5538,6334,6627.80243491,0.49765163999999995,1.519856515573714,2.0566419737160953
2018-01-31T01:26:26.85,5.053e-05,5.079e-05,5.06e-05,3667.90505603,836,5040,9917.01999996,5544,6334,6631.84706368,0.5011070205979788,3.21756549286728,3.6109069270442005
2018-01-31T01:26:57.647,5.14e-05,5.141e-05,5.14e-05,3676.18844162,850,5012,9917.01999995,5549,6332,6631.04240257,0.50973482799743,1.9970637611454738,1.100836441747249
2018-01-31T01:27:28.397,5.2e-05,5.208e-05,5.2e-05,3679.83717971,858,4977,9917.01999996,5546,6330,6631.07802609,0.51568503999792,8.159895087728417,0.6339789432520341
2018-01-31T01:27:58.443,5.298e-05,5.315e-05,5.298e-05,3689.9765454,854,4946,9917.01999995,5549,6322,6632.49445781,0.525403719597351,5.404157880405777,0.8800766761575111
2018-01-31T01:28:33.133,5.201e-05,5.247e-05,5.201e-05,3704.06685796,846,4952,9885.0000002,5552,6324,6632.04367242,0.5141188500104019,5.450606926456809,1.0448460650630702
2018-01-31T01:29:04.62,5.27e-05,5.301e-05,5.279e-05,3706.5747025,865,4949,9885.00000025,5552,6315,6643.60981639,0.520939500013175,5.242037202910408,2.019579814449716
2018-01-31T01:29:36.34,5.195e-05,5.16e-05,5.11e-05,3710.99227318,852,4973,9970.0,5551,6314,6645.13402013,0.5179415,1.8148140759257696,5.8642637067115775
2018-01-31T01:30:07.823,5.1e-05,5.16e-05,5.11e-05,3716.5351411,851,4977,9940.0,5567,6317,6645.39374366,0.50694,4.5772758643804385,2.098552808104854
2018-01-31T01:31:11.403,5.055e-05,5.1e-05,5.059e-05,3727.35606392,868,5009,9900.0,5559,6323,6640.1365277,0.500445,3.233827900606496,0.6356553028907309
2018-01-31T01:31:45.17,5.195e-05,5.195e-05,5.16e-05,3729.20880951,880,5008,9892.5000001,5565,6326,6628.44542553,0.513915375005195,2.6763311896243045,1.8985505352345644
2018-01-31T01:32:15.69,5.194e-05,5.27e-05,5.198e-05,3733.59564067,885,5012,9900.0,5564,6327,6626.78937482,0.514206,3.08716838835013,3.106814786941657
2018-01-31T01:32:47.347,5.199e-05,5.199e-05,5.194e-05,3737.22126786,880,5033,9885.00000015,5559,6330,6625.32749531,0.5139211500077985,1.9066196111473017,2.9028688491941006
2018-01-31T01:33:26.36,5.199e-05,5.197e-05,5.13e-05,3740.55271532,900,5042,9800.0,5526,6334,6627.98737714,0.509502,3.2571134078650053,2.0562438763278594
2018-01-31T01:33:58.61,5.17e-05,5.171e-05,5.17e-05,3741.37944043,907,5050,9858.99999998,5538,6328,6629.5299638,0.509710299998966,5.533198140344355,2.521606151856447
2018-01-31T01:34:30.533,5.171e-05,5.18e-05,5.171e-05,3745.15537711,900,5048,9834.0,5540,6329,6619.08237145,0.50851614,1.5161234233259635,2.0328998372797615
2018-01-31T01:35:00.753,5.237e-05,5.237e-05,5.2e-05,3747.31809108,911,5034,9834.0,5542,6332,6614.73054811,0.51500658,0.7816859749281803,2.1371573186269486
2018-01-31T01:35:31.833,5.172e-05,5.196e-05,5.172e-05,3749.6503969,909,5046,9803.41101494,5540,6329,6613.70923807,0.5070324176926968,2.1797014400082655,1.7253973228353128
2018-01-31T01:36:02.007,5.173e-05,5.172e-05,5.17e-05,3751.75036387,906,5051,9819.0,5549,6331,6607.45248281,0.50793687,1.4675446270884631,1.5686730565091576
2018-01-31T01:36:34.38,5.17e-05,5.169e-05,5.16e-05,3753.57194882,904,5050,9819.0,5561,6333,6601.0164746,0.5076423,5.50867117831781,1.9847632435078493
2018-01-31T01:37:05.803,5.162e-05,5.162e-05,5.161e-05,3756.76511041,913,5063,9857.0,5564,6331,6604.70128339,0.5088183399999999,4.282006692581435,5.687338256072022
2018-01-31T01:37:37.43,5.075e-05,5.08e-05,5.07e-05,3765.71223507,871,5073,9810.0,5563,6333,6605.94261215,0.4978575,1.2080847573293791,6.052023805465571
2018-01-31T01:38:09.227,5.044e-05,5.07e-05,5.06e-05,3768.16899077,896,5090,9811.0,5561,6331,6608.11397969,0.49486684,2.707395143869013,5.8380687971668195
2018-01-31T01:38:40.367,5.1e-05,5.132e-05,5.103e-05,3769.89443715,919,5101,9811.0,5565,6331,6605.85268314,0.500361,2.74898114085721,6.185611362126166
2018-01-31T01:39:11.18,5.05e-05,5.099e-05,5.05e-05,3772.68252925,882,5112,9803.04570787,5573,6332,6597.34072537,0.495053808247435,3.9163212838599,4.442479061667989
2018-01-31T01:39:41.917,5.071e-05,5.097e-05,5.071e-05,3775.94174475,886,5118,9811.0,5569,6333,6598.25607688,0.49751581,2.8894089429928713,4.327110695051474
2018-01-31T01:40:16.917,5.101e-05,5.13e-05,5.101e-05,3778.3980724,899,5121,9856.89989998,5570,6325,6609.12496315,0.5028004638979798,1.6473183156869722,3.8981187668323045
2018-01-31T01:40:47.307,5.13e-05,5.13e-05,5.108e-05,3779.9937504,909,5131,9855.0,5575,6328,6608.15823973,0.5055615,2.566811845044544,6.023370889073718
2018-01-31T01:41:42.197,5.155e-05,5.168e-05,5.155e-05,3782.98190224,921,5130,9836.03,5578,6331,6597.91098954,0.5070473465,2.2254475686889177,4.446799513738829
2018-01-31T01:42:13.557,5.288e-05,5.301e-05,5.3e-05,3788.68537717,934,5102,9845.87989998,5577,6324,6596.09932375,0.5206501291109424,2.3504279022659285,2.782762020999301
2018-01-31T01:42:42.87,5.109e-05,5.225e-05,5.13e-05,3796.99990726,905,5115,9845.87989998,5575,6327,6592.65565534,0.5030260040899782,3.074760215424603,2.257266541314827
2018-01-31T01:43:15.073,5.219e-05,5.2e-05,5.135e-05,3797.39333755,926,5121,9845.87989999,5571,6314,6577.65989869,0.513856471980478,3.376591406198473,4.043408539151638
2018-01-31T01:43:46.323,5.214e-05,5.214e-05,5.151e-05,3797.96190803,946,5117,9870.87989999,5580,6316,6566.93791195,0.5146676779854785,1.9128134653585185,3.826685922109312
2018-01-31T01:44:22.22,5.214e-05,5.216e-05,5.214e-05,3802.36096255,952,5127,9950.0,5579,6310,6569.46885291,0.518793,1.6190078408154371,4.558123163559697
2018-01-31T01:44:52.023,5.3e-05,5.326e-05,5.313e-05,3808.42373935,956,5100,9940.0,5589,6312,6571.35913071,0.52682,8.603829692102089,5.028554633826822
2018-01-31T01:45:23.51,5.326e-05,5.335e-05,5.33e-05,3817.90849791,949,5105,9960.0,5591,6310,6565.96830189,0.5304696,9.226421349843498,2.7379205849272967
2018-01-31T01:45:55.213,5.33e-05,5.358e-05,5.35e-05,3823.72620963,953,5096,10000.0,5591,6297,6575.74650143,0.533,5.163711266507556,3.1211475215523636
2018-01-31T01:46:25.857,5.37e-05,5.38e-05,5.37e-05,3829.2407188,943,5094,10030.0,5593,6295,6578.61468485,0.538611,5.637428797554114,4.595421396529035
2018-01-31T01:46:56.687,5.28e-05,5.28e-05,5.275e-05,3839.89040815,919,5105,10045.05206691,5592,6295,6576.00393573,0.5303787491328481,10.84371307144597,6.649904579934875
2018-01-31T01:47:27.907,5.27e-05,5.27e-05,5.222e-05,3844.36302103,936,5122,10000.0,5591,6304,6583.74646245,0.527,5.1846745075338125,1.72151801539068
2018-01-31T01:48:02.827,5.376e-05,5.376e-05,5.329e-05,3847.01069474,979,5108,10000.0,5589,6299,6584.41806286,0.5376,2.863972551273261,3.946638934763265
2018-01-31T01:48:34.017,5.376e-05,5.376e-05,5.332e-05,3849.03792925,971,5106,10000.0,5587,6300,6584.31907708,0.5376,3.230482624145573,2.675363345218559
2018-01-31T01:49:06.72,5.37e-05,5.391e-05,5.384e-05,3851.2130817,977,5117,10013.0,5597,6299,6588.46786394,0.5376981,10.809217488774848,3.719160471794322
2018-01-31T01:49:37.22,5.45e-05,5.497e-05,5.493e-05,3859.04657233,995,5078,10013.0,5597,6304,6590.89344404,0.5457085,7.063652104191134,1.5264220328816787
2018-01-31T01:50:08.563,5.492e-05,5.554e-05,5.55e-05,3873.55824175,991,5060,10012.99999999,5601,6302,6590.63954529,0.5499139599994508,9.727514003788505,1.945258374878567
2018-01-31T01:50:42.41,5.634e-05,5.67e-05,5.651e-05,3882.38614026,999,5041,10012.99999999,5605,6304,6590.25000416,0.5641324199994365,7.6719336439685435,7.7802876632611095
2018-01-31T01:51:14.037,5.485e-05,5.476e-05,5.474e-05,3903.15300786,948,5046,10000.0,5607,6313,6585.68459423,0.5485,3.0372760504756307,1.4792363905351977
2018-01-31T01:52:13.147,5.531e-05,5.495e-05,5.402e-05,3929.74801517,950,5046,9950.0,5598,6308,6591.5649058,0.5503345,0.9588364845147522,4.671569978383305
2018-01-31T01:52:43.633,5.481e-05,5.45e-05,5.409e-05,3933.21568797,980,5081,9950.0,5598,6308,6591.5649058,0.5453595,2.0089835689859963,3.513580147225007
2018-01-31T01:53:14.21,5.45e-05,5.475e-05,5.45e-05,3935.32094178,985,5086,9990.62461897,5597,6314,6591.23330411,0.544489041733865,3.4116763771137335,4.775289182605238
2018-01-31T01:53:44.34,5.486e-05,5.486e-05,5.483e-05,3943.1764126,971,5088,9990.62461892,5604,6305,6594.02464682,0.5480856665939512,9.323811397871635,4.202180918769088
2018-01-31T01:54:16.63,5.537e-05,5.537e-05,5.534e-05,3950.1252684,997,5085,10000.0,5603,6303,6594.20970073,0.5537,7.564023148017027,2.135747768934763
2018-01-31T01:54:46.943,5.5e-05,5.459e-05,5.449e-05,3955.22586057,959,5101,10000.0,5603,6306,6594.20989493,0.55,2.371613310334948,3.3843065769702143
2018-01-31T01:55:20.13,5.404e-05,5.403e-05,5.4e-05,3965.16372579,956,5109,9981.0,5602,6305,6590.74331507,0.53937324,1.495088116968766,1.4439857187342762
2018-01-31T01:55:58.227,5.4e-05,5.4e-05,5.399e-05,3968.98791439,953,5139,10010.99999999,5607,6302,6590.52711105,0.5405939999994599,1.308981065592244,2.2784337161013526
2018-01-31T01:56:31.713,5.435e-05,5.449e-05,5.435e-05,3973.04456399,979,5139,10010.99999999,5602,6303,6594.90067443,0.5440978499994564,2.700711059285229,1.4322567141048452
2018-01-31T01:57:03.197,5.53e-05,5.545e-05,5.508e-05,3977.08871494,999,5122,10010.99999999,5610,6301,6593.58552126,0.5536082999994469,4.8421619533535845,1.4712808143726375
2018-01-31T01:57:39.073,5.504e-05,5.5e-05,5.495e-05,3982.51998642,991,5152,10001.99999999,5614,6301,6592.04781676,0.5505100799994496,3.651759914576313,1.5520206535300218
2018-01-31T01:58:13.107,5.434e-05,5.434e-05,5.402e-05,3989.47675217,961,5178,10001.99999999,5619,6303,6592.26994085,0.5435086799994565,1.6894070525324092,14.26288720194156
2018-01-31T01:58:44.483,5.406e-05,5.434e-05,5.406e-05,3993.07158335,976,5168,9980.72,5615,6311,6594.25442332,0.5395577232,2.6547016479933303,2.360363951159391
2018-01-31T01:59:14.53,5.409e-05,5.41e-05,5.409e-05,3994.81433948,989,5176,9980.63000001,5614,6307,6590.54575732,0.5398522767005409,4.421715720207685,2.99670286341966
2018-01-31T01:59:46.217,5.494e-05,5.492e-05,5.485e-05,3998.69694094,1010,5183,9985.52,5615,6305,6600.94077312,0.5486044688,2.7144417954895292,1.351637109586645
2018-01-31T02:00:17.127,5.5e-05,5.505e-05,5.5e-05,4001.24511566,1016,5176,9980.0000001,5618,6305,6600.94921085,0.5489000000055001,2.782110591517242,2.264520265969597
2018-01-31T02:00:48.987,5.482e-05,5.459e-05,5.458e-05,4006.85763381,1008,5188,10000.0,5634,6306,6603.08899472,0.5482,3.33132641086547,4.191518969367641
2018-01-31T02:01:25.533,5.482e-05,5.481e-05,5.479e-05,4010.74077338,1022,5204,9982.0,5633,6306,6601.23540117,0.54721324,6.843313845346446,3.489370783548608
2018-01-31T02:01:57.333,5.482e-05,5.499e-05,5.484e-05,4011.79402121,1027,5200,10000.0,5635,6307,6596.31282809,0.5482,5.514954756993799,2.6984553905861346
2018-01-31T02:02:49.583,5.55e-05,5.575e-05,5.574e-05,4021.88691998,1019,5187,9999.9,5638,6303,6593.1419135,0.55499445,3.87134522424319,2.821344442618893
2018-01-31T02:03:20.07,5.701e-05,5.7e-05,5.69e-05,4037.66131063,1036,5135,9999.9,5649,6308,6593.24938684,0.570094299,4.222163149485725,0.6661288715739477
2018-01-31T02:03:50.993,5.689e-05,5.731e-05,5.73e-05,4047.07788949,1004,5139,9990.0,5647,6299,6593.97197847,0.5683311,1.4990376060785628,9.992969411033961
2018-01-31T02:04:22.04,5.603e-05,5.668e-05,5.604e-05,4059.30573142,1000,5152,10050.0,5651,6289,6610.3113668,0.5631014999999999,2.0537633673957236,9.367163498429319
2018-01-31T02:04:54.01,5.668e-05,5.675e-05,5.611e-05,4061.58237115,1024,5167,10050.0,5652,6286,6612.19424686,0.569634,5.456710610762121,1.9116418780804119
2018-01-31T02:05:24.713,5.676e-05,5.67e-05,5.622e-05,4066.79599691,1056,5168,10072.00209471,5653,6283,6614.05311641,0.5716868388957396,4.556211385014155,3.68296654529711
2018-01-31T02:05:55.45,5.623e-05,5.67e-05,5.623e-05,4073.80059326,1036,5184,10060.0,5651,6283,6617.80016855,0.5656738,4.401505922883246,1.4476786523580025
2018-01-31T02:06:26.783,5.607e-05,5.611e-05,5.606e-05,4081.77283195,1020,5204,10072.00208999,5646,6291,6634.89672301,0.5647371571857392,1.5350343145391154,4.242417303959221
2018-01-31T02:06:57.61,5.571e-05,5.546e-05,5.545e-05,4088.1619267,1006,5222,10069.99999999,5651,6287,6639.52473586,0.5609996999994429,1.2792834575836256,3.7665555038587297
2018-01-31T02:07:28.533,5.523e-05,5.523e-05,5.52e-05,4093.32272596,1010,5248,10070.0,5652,6288,6637.65908249,0.5561661,2.4653865241281125,1.7763823721379197
2018-01-31T02:07:59.737,5.51e-05,5.573e-05,5.57e-05,4097.00312597,1017,5251,10111.93088,5648,6279,6643.62813483,0.557167391488,5.965317251307423,6.1224284105642575
2018-01-31T02:08:30.207,5.669e-05,5.668e-05,5.636e-05,4104.19473639,1043,5234,10133.94139518,5648,6272,6645.87733248,0.5744931376927542,4.208253163408105,1.762009259096951
2018-01-31T02:09:02.117,5.668e-05,5.669e-05,5.668e-05,4108.03809597,1032,5248,10115.0,5648,6275,6645.21880611,0.5733182,2.4572993692469542,3.6419680432120427
2018-01-31T02:09:33.477,5.625e-05,5.624e-05,5.567e-05,4112.71409494,1014,5254,10115.0,5652,6278,6643.59734614,0.56896875,1.52180611635336,3.1127464813640424
2018-01-31T02:10:03.713,5.521e-05,5.549e-05,5.522e-05,4116.77847663,1031,5264,10136.0,5655,6279,6639.09090791,0.55960856,5.715239697800641,1.2519433406917577
2018-01-31T02:10:34.963,5.522e-05,5.551e-05,5.526e-05,4126.30144664,1016,5271,10145.99989997,5667,6275,6650.20922707,0.5602621144763434,2.9490689138078676,1.5237256589587385
2018-01-31T02:11:06.137,5.583e-05,5.549e-05,5.526e-05,4129.39435583,1047,5275,10115.0,5666,6284,6653.00527474,0.56472045,4.085336614109087,3.881140162975401
2018-01-31T02:11:38.027,5.498e-05,5.476e-05,5.455e-05,4138.57078042,986,5292,10060.0,5666,6285,6651.82160661,0.5530988,2.4064164847970426,4.019154752193808
2018-01-31T02:12:07.95,5.423e-05,5.409e-05,5.406e-05,4143.78279249,973,5306,10060.0,5670,6290,6649.73427025,0.5455538,0.9788118920916516,2.0215360219997187
2018-01-31T02:13:12.747,5.4e-05,5.419e-05,5.403e-05,4161.96304785,954,5302,10060.0,5673,6292,6647.65449111,0.54324,3.0363136907299686,2.3974895772248113
2018-01-31T02:13:44.31,5.4e-05,5.41e-05,5.4e-05,4166.19994814,981,5325,10050.0,5673,6295,6647.74343594,0.5427,3.7410438783756508,2.197696031264849
2018-01-31T02:14:15.233,5.5e-05,5.5e-05,5.453e-05,4173.32579753,990,5318,10050.0,5676,6297,6648.68198025,0.5527500000000001,4.768413405077177,3.7443850667747713
2018-01-31T02:14:45.863,5.5e-05,5.46e-05,5.453e-05,4180.26318702,984,5321,10060.0,5676,6290,6648.74046902,0.5533,2.4184099537964263,3.448075104784434
2018-01-31T02:15:16.863,5.46e-05,5.421e-05,5.42e-05,4184.19015776,983,5345,10040.0,5675,6297,6650.25766555,0.548184,2.168715707349109,2.859869395155186
2018-01-31T02:15:48.333,5.397e-05,5.35e-05,5.329e-05,4188.58833129,969,5357,10060.0,5684,6295,6650.46173353,0.5429382,1.3911064663244281,4.35000695238309
2018-01-31T02:16:22.507,5.361e-05,5.35e-05,5.333e-05,4190.42811943,983,5362,10057.30657958,5693,6295,6649.45031189,0.5391722057312838,1.5360148152536324,2.238258259358292
2018-01-31T02:16:53.897,5.423e-05,5.46e-05,5.425e-05,4194.87862469,989,5356,10057.30657958,5695,6299,6649.61932056,0.5454077358106234,6.081768852290922,2.486150485049948
2018-01-31T02:17:24.68,5.459e-05,5.45e-05,5.425e-05,4199.3516511,991,5380,10021.84,5691,6302,6646.51867587,0.5470922456,3.0257422018634497,2.9150035863391497
2018-01-31T02:17:59.633,5.421e-05,5.424e-05,5.421e-05,4202.08966897,996,5398,10025.0,5688,6298,6644.1315417,0.54345525,1.970391024409339,1.964661550366528
2018-01-31T02:18:30.93,5.4e-05,5.401e-05,5.4e-05,4202.92462927,1000,5414,10054.99999999,5693,6299,6644.37521881,0.5429699999994599,2.385931712542181,2.2814614815340177
2018-01-31T02:19:02.717,5.372e-05,5.372e-05,5.37e-05,4210.49109217,988,5427,9999.9,5684,6299,6648.91144693,0.537194628,0.9497462243597545,6.816496674096732
2018-01-31T02:19:34.653,5.34e-05,5.35e-05,5.34e-05,4211.80822252,984,5434,10000.01,5684,6302,6649.21986349,0.534000534,1.4823848806702957,4.053579412991485
2018-01-31T02:20:07.223,5.319e-05,5.319e-05,5.313e-05,4215.09387969,962,5440,10046.99999999,5681,6306,6649.15105891,0.5343999299994681,1.6899095877240504,0.8826355875376087
2018-01-31T02:20:39.02,5.27e-05,5.3e-05,5.258e-05,4219.07189905,946,5436,10000.0,5685,6305,6649.56907441,0.527,3.4331524458852565,0.4499908122952757
2018-01-31T02:21:09.253,5.347e-05,5.37e-05,5.347e-05,4226.2141277,978,5431,9999.90000001,5688,6305,6648.02774225,0.5346946530005348,1.741796838212565,1.1654245118144653
2018-01-31T02:21:41.223,5.351e-05,5.35e-05,5.34e-05,4232.09119933,974,5436,10043.0,5692,6301,6647.57681765,0.53740093,1.964387304819613,1.5581084040671935
2018-01-31T02:22:11.63,5.35e-05,5.351e-05,5.35e-05,4235.65479135,979,5452,10041.0,5694,6307,6647.64177914,0.5371935,0.4235773932103173,6.163479913282238
2018-01-31T02:22:43.383,5.337e-05,5.333e-05,5.33e-05,4236.57211851,974,5466,10040.0,5693,6314,6647.70052559,0.5358347999999999,1.5276313662355947,5.92379205594311
2018-01-31T02:23:43.37,5.3e-05,5.302e-05,5.3e-05,4241.02559048,973,5463,10025.0,5690,6317,6647.70466327,0.531325,2.1291549892847685,0.818964833831257
2018-01-31T02:24:17.277,5.325e-05,5.338e-05,5.325e-05,4242.79264953,993,5465,10000.10000002,5693,6322,6647.28865975,0.532505325001065,2.02089891010401,1.0531203002620846
2018-01-31T02:24:47.997,5.3e-05,5.351e-05,5.302e-05,4245.92242456,994,5469,10015.0,5694,6321,6647.04574225,0.530795,2.325504250465312,1.640564721251386
2018-01-31T02:25:18.577,5.258e-05,5.285e-05,5.261e-05,4250.35866275,969,5477,10000.0,5692,6320,6646.90038166,0.5258,2.4734844758998316,1.0849995358722306
2018-01-31T02:25:49.14,5.26e-05,5.26e-05,5.259e-05,4251.41326327,980,5486,10000.01,5695,6318,6646.59825289,0.526000526,2.348129325043452,0.2977665019222347
2018-01-31T02:26:20.703,5.285e-05,5.3e-05,5.262e-05,4252.32690844,1000,5491,10000.01000002,5692,6313,6646.64530461,0.528500528501057,4.1543639544796935,1.4285950310362923
2018-01-31T02:26:52.22,5.263e-05,5.298e-05,5.285e-05,4258.3040307,1000,5492,9999.8,5686,6320,6647.22627831,0.526289474,1.5075987265649065,4.990856775339032
2018-01-31T02:27:22.673,5.211e-05,5.211e-05,5.206e-05,4261.96002003,967,5522,9993.65682958,5681,6324,6647.73669215,0.5207694573894138,2.753857663911598,4.155613851630968
2018-01-31T02:27:54.167,5.161e-05,5.2e-05,5.18e-05,4267.8668697,952,5521,9985.0,5679,6326,6648.79447884,0.51532585,0.8634440119432076,5.085308374847163
2018-01-31T02:28:24.84,5.168e-05,5.2e-05,5.168e-05,4272.20372723,970,5518,9993.65682944,5675,6326,6649.79824261,0.5164721849454592,2.72328602132118,3.884698445087055
2018-01-31T02:28:56.06,5.181e-05,5.196e-05,5.182e-05,4274.68605926,978,5536,9993.65682944,5679,6323,6650.27911881,0.5177713603332864,3.419620939866997,4.1003049912443945
2018-01-31T02:29:27.28,5.2e-05,5.262e-05,5.201e-05,4278.71392862,982,5527,10010.01000002,5682,6319,6650.95159074,0.52052052000104,2.7434081344604175,3.9306543009410246
2018-01-31T02:29:57.907,5.206e-05,5.248e-05,5.22e-05,4279.61323045,995,5537,10010.71660412,5686,6321,6650.61392304,0.5211579064104872,4.015105203153166,4.654395957078414
2018-01-31T02:30:28.1,5.224e-05,5.25e-05,5.248e-05,4280.88127538,978,5542,10021.0,5689,6321,6650.05131164,0.52349704,0.6918378836125272,5.665528142421814
2018-01-31T02:31:01.367,5.248e-05,5.287e-05,5.267e-05,4283.10203858,992,5552,10013.01,5692,6319,6645.15093815,0.5254827648,3.758411555298887,5.260681959417217
2018-01-31T02:31:32.273,5.287e-05,5.297e-05,5.288e-05,4284.36870835,1004,5556,10039.99999995,5693,6317,6647.67019784,0.5308147999973565,3.0221764480075155,5.160854669727745
2018-01-31T02:32:02.9,5.33e-05,5.33e-05,5.301e-05,4289.04724741,1019,5555,10050.0,5687,6312,6652.24267951,0.5356650000000001,4.206409028231863,4.8258926868066165
2018-01-31T02:32:34.197,5.33e-05,5.302e-05,5.3e-05,4294.6376063,991,5561,10091.05206691,5687,6312,6652.11118144,0.5378530751663031,1.7312742379442276,6.521354055503244
2018-01-31T02:33:04.9,5.3e-05,5.302e-05,5.301e-05,4298.40084853,995,5564,10049.0,5689,6310,6652.19474365,0.532597,2.9170473793228484,3.5451245855096953
2018-01-31T02:34:13.477,5.285e-05,5.262e-05,5.25e-05,4303.74166863,984,5587,10049.0,5684,6307,6652.85462787,0.53108965,2.2251934458397993,2.3460893505777305
2018-01-31T02:34:43.947,5.249e-05,5.248e-05,5.226e-05,4307.57630395,979,5596,10029.0,5683,6310,6653.08487877,0.52642221,1.4261719197788525,1.2142435084630177
2018-01-31T02:35:14.353,5.25e-05,5.225e-05,5.207e-05,4309.56532608,985,5601,10049.00001,5686,6314,6653.02589871,0.527572500525,1.8176408403290507,1.5296276934974178
2018-01-31T02:35:45.493,5.226e-05,5.248e-05,5.23e-05,4311.23483449,988,5605,10029.0,5689,6316,6653.31072203,0.5241155399999999,1.8109252293441107,2.3652449948081316
2018-01-31T02:36:16.807,5.246e-05,5.246e-05,5.228e-05,4312.40306743,991,5604,10029.0,5692,6317,6650.88885139,0.52612134,1.6000138704635642,1.1783432636300222
2018-01-31T02:36:48.87,5.21e-05,5.21e-05,5.209e-05,4313.20217173,993,5612,10029.0,5691,6315,6650.76748042,0.5225109,1.3426245816404299,1.2792859398547054
2018-01-31T02:37:20.213,5.249e-05,5.327e-05,5.3e-05,4314.72596595,995,5602,10016.81,5685,6317,6652.79420202,0.5257823569,7.697838436624791,2.911963525959721
2018-01-31T02:37:50.683,5.3e-05,5.298e-05,5.253e-05,4316.92751268,1006,5612,10029.0,5689,6318,6652.67699092,0.531537,8.006185592590828,2.900111535583393
2018-01-31T02:38:22.403,5.299e-05,5.319e-05,5.3e-05,4321.86589045,1013,5617,10029.0,5690,6319,6652.70966199,0.53143671,2.342761880761112,1.8717103850786954
2018-01-31T02:38:54.39,5.299e-05,5.32e-05,5.3e-05,4326.02196734,1013,5622,10071.03820134,5691,6313,6656.63592572,0.5336643142890065,3.0500095410639343,3.469673547549925
2018-01-31T02:39:25.547,5.254e-05,5.254e-05,5.253e-05,4327.48997674,1009,5633,10016.82000003,5692,6317,6656.49938219,0.5262837228015762,6.329202059440869,4.754492451818883
2018-01-31T02:39:55.89,5.256e-05,5.289e-05,5.256e-05,4328.82239147,1020,5643,10045.3,5691,6314,6659.8421437,0.5279809679999999,3.209269837315377,4.313522457058426
2018-01-31T02:40:25.517,5.256e-05,5.27e-05,5.258e-05,4329.03241673,1024,5648,10045.3,5687,6315,6658.69614561,0.5279809679999999,3.339401988387131,3.9921478234126635
2018-01-31T02:40:58.797,5.251e-05,5.258e-05,5.251e-05,4331.12220898,1022,5648,10013.85861116,5691,6313,6655.12322511,0.5258277156720116,6.251645189581025,2.734488178689209
2018-01-31T02:41:30.69,5.26e-05,5.26e-05,5.258e-05,4332.02030759,1042,5653,10013.82000003,5688,6313,6654.59156014,0.5267269320015779,2.593974611130871,2.0702079707506154
2018-01-31T02:41:58.86,5.265e-05,5.265e-05,5.26e-05,4333.54089789,1048,5654,10013.82000003,5688,6313,6654.59156014,0.5272276230015795,6.161519331265435,1.9700647653792134
2018-01-31T02:42:30.94,5.265e-05,5.278e-05,5.265e-05,4334.87682939,1042,5656,10035.3,5693,6311,6654.43552384,0.5283585449999999,6.195485441773108,1.6384380656476962
2018-01-31T02:43:02.973,5.278e-05,5.289e-05,5.278e-05,4335.3503482,1050,5659,10045.3,5697,6313,6642.7676764,0.530190934,3.176623477677762,1.9315217393213029
2018-01-31T02:43:35.163,5.318e-05,5.318e-05,5.3e-05,4337.77811163,1045,5645,10055.3,5700,6308,6643.38735501,0.5347408539999999,1.4166828411232368,1.12702286629598
2018-01-31T02:44:06.133,5.228e-05,5.3e-05,5.229e-05,4339.62614157,1017,5650,10055.3,5706,6308,6643.47586017,0.525691084,3.9331681076378664,1.5690740682982052
2018-01-31T02:44:43.277,5.3e-05,5.298e-05,5.271e-05,4342.50492714,1034,5660,10075.0,5708,6307,6644.98553809,0.533975,2.6901212024457246,3.265395816698307
2018-01-31T02:45:15.09,5.27e-05,5.294e-05,5.272e-05,4343.62742546,1036,5669,10100.0,5700,6301,6644.96362585,0.53227,0.8137780619405793,2.576643002091718
2018-01-31T02:45:46.06,5.231e-05,5.285e-05,5.232e-05,4345.12262527,1037,5670,10130.0,5701,6292,6650.01273221,0.5299003,4.639366585809074,2.385476565898216
2018-01-31T02:46:17.81,5.28e-05,5.275e-05,5.241e-05,4346.38612106,1039,5676,10130.0,5702,6292,6651.82661766,0.534864,5.139937577923985,2.8339380220460555
2018-01-31T02:46:50.03,5.27e-05,5.27e-05,5.265e-05,4348.19248554,1043,5682,10150.0,5702,6283,6658.70492439,0.534905,4.698231649015502,2.2804706269296595
2018-01-31T02:47:21.497,5.245e-05,5.245e-05,5.244e-05,4349.6378356,1037,5690,10139.85,5709,6283,6659.47949736,0.5318351325,5.56161376315246,4.816090651734278
2018-01-31T02:47:53.14,5.25e-05,5.265e-05,5.25e-05,4356.07749673,1046,5687,10160.0,5709,6279,6657.11925637,0.5334,6.662785197303051,1.6559531488932178
2018-01-31T02:48:23.873,5.28e-05,5.265e-05,5.255e-05,4358.42363738,1044,5689,10139.85000001,5707,6276,6656.95946143,0.535384080000528,7.155915461403498,3.6593910996644445
2018-01-31T02:48:54.81,5.271e-05,5.255e-05,5.251e-05,4360.79727257,1038,5697,10160.87699493,5708,6275,6657.21847245,0.5355798264027604,5.924867685538584,3.6109004144117085
2018-01-31T02:49:25.14,5.245e-05,5.271e-05,5.265e-05,4364.52215234,1035,5700,10159.90194751,5711,6278,6657.98014802,0.5328868571468994,5.636207313617484,2.9243139758800534
2018-01-31T02:49:57.13,5.265e-05,5.28e-05,5.271e-05,4365.94517576,1043,5710,10159.90194751,5714,6279,6658.05969299,0.5349188375364015,7.208796279768734,3.1940927897747504
2018-01-31T02:50:27.537,5.28e-05,5.287e-05,5.28e-05,4367.21061142,1046,5717,10140.88016629,5715,6280,6658.17763128,0.535438472780112,6.720252417373171,2.609823168037761
2018-01-31T02:50:59.38,5.299e-05,5.3e-05,5.299e-05,4369.84922635,1048,5709,10139.9,5715,6278,6658.02723464,0.537313301,5.144265084734861,1.0287688457943234
2018-01-31T02:51:30.63,5.347e-05,5.347e-05,5.333e-05,4372.6485552,1045,5705,10140.88016629,5719,6275,6658.68990827,0.5422328624915264,3.177562191065893,1.6201468088190847
2018-01-31T02:52:02.287,5.366e-05,5.37e-05,5.366e-05,4376.77763189,1047,5696,10168.0,5723,6269,6659.22937831,0.54561488,1.1885259417712346,1.8561383585052262
2018-01-31T02:52:34.333,5.325e-05,5.325e-05,5.306e-05,4378.41323664,1046,5706,10149.89,5732,6272,6659.268799,0.5404816425,1.4575892708247706,3.8487957973670017
2018-01-31T02:53:06.007,5.292e-05,5.292e-05,5.281e-05,4380.65350975,1043,5715,10150.89,5734,6269,6659.30785907,0.5371850988,3.993056797284123,5.518163077951452
2018-01-31T02:53:37.867,5.292e-05,5.29e-05,5.266e-05,4383.4108109,1045,5725,10157.89,5718,6263,6658.86064153,0.5375555388,4.892454173905021,6.915928727660745
2018-01-31T02:54:08.443,5.266e-05,5.27e-05,5.268e-05,4384.5381062,1051,5735,10157.89,5721,6265,6651.68847379,0.5349144874,6.1737809944614295,9.026726174995364
2018-01-31T02:55:11.46,5.253e-05,5.253e-05,5.252e-05,4391.95447731,1058,5748,10157.89,5736,6267,6652.66047308,0.5335939617,4.813816128912261,1.1992203754313413
2018-01-31T02:55:43.807,5.252e-05,5.27e-05,5.252e-05,4393.56958072,1046,5753,10100.31664564,5723,6269,6658.65856756,0.5304686302290128,5.178617394433796,1.3770156568341736
2018-01-31T02:56:15.9,5.27e-05,5.288e-05,5.27e-05,4394.40074512,1057,5764,10178.99999999,5723,6267,6664.85883057,0.536433299999473,12.569871294825285,2.616118637316316
2018-01-31T02:56:47.713,5.256e-05,5.255e-05,5.254e-05,4395.63371258,1055,5771,10180.0,5725,6267,6665.08848639,0.5350608,4.2442783826475745,3.7081871286719172
2018-01-31T02:57:18.527,5.297e-05,5.3e-05,5.296e-05,4397.90208393,1050,5757,10180.0,5728,6265,6669.7039633,0.5392346,10.12912007965656,5.315240955531192
2018-01-31T02:57:47.823,5.349e-05,5.348e-05,5.324e-05,4401.01827043,1058,5742,10197.0,5731,6259,6670.94023467,0.54543753,12.108570979263666,2.350852243993702
2018-01-31T02:58:20.34,5.378e-05,5.377e-05,5.301e-05,4410.62345233,1051,5733,10204.74104004,5727,6251,6671.48652844,0.5488109731333511,7.405518178972246,5.952658770792208
2018-01-31T02:58:51.06,5.35e-05,5.368e-05,5.35e-05,4413.28649783,1065,5751,10204.74104,5714,6250,6679.0901279,0.54595364564,11.205733601603868,4.677962512241253
2018-01-31T02:59:21.793,5.389e-05,5.389e-05,5.37e-05,4418.60704652,1084,5729,10200.0,5722,6247,6685.07542292,0.549678,10.977833823538163,4.627677444377882
2018-01-31T02:59:54.23,5.301e-05,5.301e-05,5.3e-05,4426.62184427,1066,5759,10200.0,5724,6248,6684.41142877,0.540702,6.162546044130401,0.9524471709765477
2018-01-31T03:00:24.53,5.297e-05,5.296e-05,5.292e-05,4429.97844138,1064,5764,10201.0,5724,6250,6685.76587176,0.54034697,2.271219044813794,2.429791635029008
2018-01-31T03:00:55.717,5.26e-05,5.29e-05,5.26e-05,4434.00989381,1066,5775,10201.0,5729,6255,6685.83372359,0.5365726,3.171938768764747,1.060613725690146
2018-01-31T03:01:27.84,5.261e-05,5.293e-05,5.27e-05,4434.9117182,1081,5784,10200.0,5717,6253,6691.55174747,0.536622,3.73368354369267,0.8968229751825575
2018-01-31T03:01:56.153,5.294e-05,5.294e-05,5.293e-05,4435.42355989,1098,5792,10200.0,5728,6255,6691.88961757,0.539988,3.355566815674358,1.5522676135455638
2018-01-31T03:02:29.89,5.294e-05,5.295e-05,5.294e-05,4437.06961022,1097,5796,10200.0,5736,6257,6692.51992333,0.539988,1.7931593622314617,3.72889929987041
2018-01-31T03:03:00.19,5.294e-05,5.292e-05,5.275e-05,4438.04037831,1090,5807,10200.0,5746,6255,6694.53743557,0.539988,1.668011112001206,4.519250566046226
2018-01-31T03:03:31.05,5.25e-05,5.244e-05,5.243e-05,4440.52267204,1037,5829,10200.0,5736,6254,6700.29827272,0.5355,0.4707278644084205,4.290672957060642
2018-01-31T03:04:02.033,5.24e-05,5.24e-05,5.238e-05,4443.66052847,1028,5821,10200.0,5735,6255,6702.47829736,0.53448,1.4336776407918386,3.8657187496448144
2018-01-31T03:04:33.02,5.2e-05,5.2e-05,5.196e-05,4447.41996153,991,5836,10110.0,5744,6255,6703.26928013,0.52572,0.9440244519724639,5.54521105897914
2018-01-31T03:05:07.643,5.157e-05,5.132e-05,5.131e-05,4449.5403282,974,5837,10160.54899999,5743,6257,6703.30759907,0.5239795119294843,1.654480592079406,5.319134600046039
2018-01-31T03:05:44.21,5.182e-05,5.181e-05,5.136e-05,4455.09446397,990,5824,10100.0,5735,6263,6706.17709138,0.523382,3.7756257813525766,3.1000532471008047
2018-01-31T03:06:15.68,5.15e-05,5.18e-05,5.15e-05,4457.35670818,1007,5834,10130.0,5738,6263,6706.09950568,0.521695,4.598095592331031,5.308137151620348
2018-01-31T03:06:46.243,5.153e-05,5.18e-05,5.179e-05,4459.17593019,1008,5851,10173.9988996,5741,6258,6707.83165977,0.524266163296388,4.16821488208934,4.687951629722722
2018-01-31T03:07:17.54,5.182e-05,5.226e-05,5.183e-05,4461.18643153,1020,5852,10173.9988996,5741,6258,6707.83165977,0.527216622977272,2.6773189993152444,2.638756208614401
2018-01-31T03:07:48.43,5.19e-05,5.2e-05,5.191e-05,4461.99471593,1037,5851,10160.0,5744,6265,6707.87064159,0.527304,3.018633529455228,2.5307317345942666
2018-01-31T03:08:20.277,5.217e-05,5.217e-05,5.203e-05,4464.37454607,1036,5860,10173.9988996,5745,6269,6708.31961088,0.530777522592132,2.4965226141468935,2.3756712504782787
2018-01-31T03:08:49.793,5.259e-05,5.255e-05,5.247e-05,4465.33736443,1043,5858,10173.99889961,5743,6268,6708.78199094,0.5350506021304899,25.481656973260147,2.1173089472127304
2018-01-31T03:09:22.593,5.247e-05,5.24e-05,5.223e-05,4468.63141761,1041,5870,10173.9988996,5736,6271,6708.81109621,0.533829722262012,2.9097551921687126,2.7343982517647136
2018-01-31T03:09:58.33,5.25e-05,5.263e-05,5.261e-05,4470.13338757,1044,5873,10173.99889957,5735,6272,6708.86992264,0.5341349422274251,2.6905753721965118,1.73732502455905
2018-01-31T03:10:28.813,5.261e-05,5.261e-05,5.247e-05,4471.08415287,1050,5880,10130.0,5741,6268,6705.92485169,0.5329393,2.4433592186205826,2.482840257284635
2018-01-31T03:10:59.317,5.222e-05,5.26e-05,5.223e-05,4476.2173674,1039,5882,10130.00000002,5744,6271,6703.34638999,0.5289886000010444,3.0090992652622393,1.1699532626438949
2018-01-31T03:11:35.003,5.25e-05,5.25e-05,5.226e-05,4476.31798348,1050,5892,10130.01000003,5746,6271,6685.47330651,0.5318255250015751,4.093893415559,2.4654752619707234
2018-01-31T03:12:07.753,5.258e-05,5.258e-05,5.228e-05,4476.70562011,1053,5891,10130.01000002,5746,6273,6679.18217494,0.5326359258010516,4.12203000728693,2.581946510552348
2018-01-31T03:12:38.287,5.249e-05,5.257e-05,5.249e-05,4476.78729146,1058,5899,10159.0,5748,6273,6677.71660775,0.53324591,4.3246410799885,2.4046631356760257
2018-01-31T03:13:09.757,5.249e-05,5.248e-05,5.238e-05,4478.1515959,1057,5893,10061.04899999,5738,6271,6673.63590907,0.5281044620094751,4.150752649944119,3.01948367333995
2018-01-31T03:13:40.553,5.238e-05,5.238e-05,5.23e-05,4478.94107465,1064,5902,10158.99999997,5747,6271,6672.07990663,0.5321284199984286,3.9427732167304916,2.1232084710611594
2018-01-31T03:14:11.523,5.236e-05,5.236e-05,5.23e-05,4479.72597534,1069,5914,10158.99999997,5747,6271,6672.07990663,0.5319252399984292,3.995208020952012,1.514300993576042
2018-01-31T03:14:43.26,5.231e-05,5.231e-05,5.23e-05,4481.03905489,1065,5916,10095.51000001,5737,6268,6636.33797556,0.5280961281005231,3.7845357047151045,1.6757894355280523
2018-01-31T03:15:15.04,5.23e-05,5.23e-05,5.229e-05,4481.53558723,1065,5924,10095.52000002,5747,6269,6634.37498353,0.527995696001046,4.310281575256431,2.3560582226735285
2018-01-31T03:16:15.383,5.225e-05,5.225e-05,5.224e-05,4484.64439572,1065,5930,10162.99999995,5744,6267,6623.77754651,0.5310167499973875,3.406198694168424,2.2376932691916163
2018-01-31T03:16:46.137,5.228e-05,5.23e-05,5.228e-05,4486.2336578,1064,5929,10162.99999995,5744,6267,6623.77754651,0.531321639997386,4.418990930476295,1.9204768592413122
2018-01-31T03:17:16.057,5.23e-05,5.23e-05,5.229e-05,4487.69332957,1072,5935,10154.99999997,5748,6277,6621.97461221,0.531106499998431,4.466659549370652,1.4572466796198955
2018-01-31T03:17:47.827,5.229e-05,5.229e-05,5.228e-05,4488.3393395,1072,5948,10104.0,5748,6275,6619.3425287,0.52833816,4.147613857852414,1.7573709529532804
2018-01-31T03:18:17.967,5.24e-05,5.24e-05,5.229e-05,4489.97056346,1075,5923,10100.0,5748,6280,6620.29872913,0.52924,6.466089187735628,3.233454672588895
2018-01-31T03:18:49.89,5.23e-05,5.239e-05,5.23e-05,4490.10256767,1087,5928,10148.99999998,5752,6281,6614.6851756,0.530792699998954,6.706518878847715,1.9653902717130836
2018-01-31T03:19:21.373,5.24e-05,5.248e-05,5.245e-05,4491.1635543,1087,5933,10148.99999997,5750,6278,6611.87957381,0.531807599998428,6.661035720125466,3.140630240598755
2018-01-31T03:19:51.843,5.249e-05,5.248e-05,5.245e-05,4493.22525558,1091,5946,10104.0,5755,6278,6611.8832613,0.53035896,4.759925188575243,3.123252921403842
2018-01-31T03:20:23.81,5.288e-05,5.29e-05,5.288e-05,4497.44657193,1075,5936,10138.85,5749,6279,6611.65544012,0.536142388,4.677665539938933,5.558474916729251
2018-01-31T03:20:54.47,5.248e-05,5.26e-05,5.248e-05,4499.47074487,1085,5945,10095.51000002,5746,6279,6612.12802464,0.5298123648010495,3.897671683358297,1.7786014733297646
2018-01-31T03:21:26.33,5.246e-05,5.246e-05,5.24e-05,4500.02891771,1086,5954,10053.0,5730,6282,6613.49885933,0.52738038,5.072945745313991,1.8576163133235806
2018-01-31T03:21:57.957,5.24e-05,5.24e-05,5.23e-05,4501.69070067,1085,5950,10021.60962041,5730,6269,6610.05963182,0.525132344109484,5.640774257164696,1.3359290515211053
2018-01-31T03:22:29.913,5.229e-05,5.228e-05,5.222e-05,4503.63362507,1083,5959,10085.68195349,5722,6264,6619.3803119,0.5273803093479922,2.382184232586072,1.189985013950493
2018-01-31T03:23:01.083,5.19e-05,5.188e-05,5.186e-05,4510.40601731,1049,5957,10050.99999996,5707,6269,6621.90650836,0.521646899997924,1.8861933686866221,1.9144861843452272
2018-01-31T03:23:31.57,5.186e-05,5.186e-05,5.184e-05,4511.50585793,1054,5966,9950.0,5705,6290,6625.67783274,0.516007,2.5451194442104184,1.7064019044606402
2018-01-31T03:24:03.527,5.184e-05,5.187e-05,5.184e-05,4512.35147321,1053,5971,10010.10999999,5710,6284,6623.9425777,0.5189241023994816,2.1978869349495884,1.4946609498839916
2018-01-31T03:24:33.48,5.187e-05,5.187e-05,5.184e-05,4513.0301953,1051,5967,10021.60962041,5715,6285,6623.73007113,0.5198208910106668,1.9481937522965493,1.6103581052839906
2018-01-31T03:25:01.857,5.187e-05,5.199e-05,5.198e-05,4514.70105957,1047,5975,10021.60962041,5715,6285,6623.73007113,0.5198208910106668,0.7566558573230898,1.880850048887497
2018-01-31T03:25:36.23,5.187e-05,5.196e-05,5.187e-05,4515.26826939,1057,5976,10021.60962041,5724,6284,6621.07421018,0.5198208910106668,1.3607244709678077,1.5262005755196901
2018-01-31T03:26:08.17,5.181e-05,5.185e-05,5.18e-05,4515.75932293,1050,5988,10021.60962041,5724,6284,6621.07421018,0.5192195944334421,1.6730198940946368,1.5940216293719058
2018-01-31T03:26:44.063,5.184e-05,5.185e-05,5.184e-05,4516.61215062,1055,5984,10010.10999998,5713,6286,6619.67156823,0.5189241023989632,1.6441308618445256,1.4299100381515706
2018-01-31T03:27:14.783,5.151e-05,5.18e-05,5.151e-05,4519.47840284,1038,5994,9970.8,5717,6286,6619.25554315,0.513595908,1.0889170045083676,5.213916197827801
2018-01-31T03:27:46.453,5.146e-05,5.145e-05,5.142e-05,4520.39623646,1032,6005,9970.8,5717,6287,6619.18060538,0.5130973679999999,1.2168976034369743,4.724783735511999
2018-01-31T03:28:18.847,5.121e-05,5.13e-05,5.121e-05,4522.1469704,1022,6009,9970.80000002,5724,6284,6617.8510931,0.5106046680010242,1.976015463148689,2.147547085035477
2018-01-31T03:28:49.8,5.111e-05,5.102e-05,5.101e-05,4523.95414885,1011,6014,9970.80000003,5727,6289,6611.91697459,0.5096075880015333,1.9932009343022654,2.664185475408452
2018-01-31T03:29:21.847,5.111e-05,5.106e-05,5.1e-05,4528.38450266,1007,6005,10000.0,5725,6285,6611.47907375,0.5111,1.6482888130702626,2.9361217145242193
2018-01-31T03:29:53.3,5.071e-05,5.072e-05,5.071e-05,4530.46718309,994,6018,9970.81000007,5724,6291,6611.35713457,0.5056197751035497,0.9947200753436312,3.4503462252685346
2018-01-31T03:30:27.63,5.053e-05,5.052e-05,5.047e-05,4534.6744043,981,6024,9980.80000002,5728,6287,6609.99345984,0.5043298240010107,2.879807509540431,3.0318600063573276
2018-01-31T03:30:59.147,5.097e-05,5.1e-05,5.097e-05,4539.05111149,997,6002,9980.80000002,5723,6290,6609.30330782,0.5087213760010194,2.682460992181527,4.135228201757217
2018-01-31T03:31:29.397,5.097e-05,5.097e-05,5.081e-05,4541.0346523,1012,6002,9980.80000002,5729,6290,6610.0211674,0.5087213760010194,2.793121602354805,4.159961612667389
2018-01-31T03:32:00.993,5.1e-05,5.12e-05,5.1e-05,4543.02111923,1014,6017,9980.80000002,5731,6288,6608.70334337,0.50902080000102,2.15004171942997,4.56695273795546
2018-01-31T03:32:32.557,5.157e-05,5.15e-05,5.131e-05,4544.07669227,1024,6028,10000.0,5730,6279,6602.23893868,0.5157,0.9507163111857315,5.318229494859096
2018-01-31T03:33:03.48,5.106e-05,5.13e-05,5.12e-05,4544.80588181,1016,6029,10000.0,5735,6280,6601.11347762,0.5106,1.6999596581341956,1.2201704026059925
2018-01-31T03:33:40.31,5.13e-05,5.155e-05,5.13e-05,4545.71902182,1030,6032,9990.9,5738,6286,6600.89347341,0.51253317,0.5171874435156817,3.6957305757697423
2018-01-31T03:34:12.483,5.158e-05,5.18e-05,5.158e-05,4547.44658227,1049,6030,10000.0,5737,6282,6601.77423957,0.5157999999999999,2.9369443980917485,3.9910980203281516
2018-01-31T03:34:44.42,5.181e-05,5.18e-05,5.179e-05,4551.17077288,1051,6036,10000.0,5737,6282,6600.83469024,0.5181,2.246993811965512,3.7885832226434535
2018-01-31T03:35:14.813,5.21e-05,5.21e-05,5.2e-05,4556.31497627,1059,6025,10000.0,5739,6283,6599.76487347,0.521,3.7485948922793435,0.2529619165128115
2018-01-31T03:35:50.737,5.2e-05,5.224e-05,5.201e-05,4560.11894123,1044,6026,10000.0,5742,6289,6599.47633711,0.52,3.578009594101964,0.43324317318929
2018-01-31T03:36:23.64,5.2e-05,5.199e-05,5.185e-05,4562.93390056,1058,6039,10000.0,5742,6289,6599.47633711,0.52,1.8470903041465803,0.7207432586830113
2018-01-31T03:37:15.907,5.2e-05,5.227e-05,5.2e-05,4565.26010353,1062,6046,10038.99999953,5727,6286,6600.95705882,0.52202799997556,9.787360800380618,0.5630663009724259
2018-01-31T03:37:46.157,5.227e-05,5.23e-05,5.227e-05,4566.24690957,1070,6045,10038.99999952,5726,6296,6597.34536143,0.5247385299749103,7.98504103586383,0.5443630143109346
2018-01-31T03:38:17.783,5.239e-05,5.243e-05,5.239e-05,4566.72893605,1075,6046,10028.96,5728,6295,6597.74321465,0.5254172143999999,4.670271721530845,0.5519220769637353
2018-01-31T03:38:48.8,5.275e-05,5.29e-05,5.275e-05,4570.26150501,1073,6050,10028.96,5730,6296,6594.04925743,0.52902764,0.6227363652789012,1.5251480772712769
2018-01-31T03:39:20.91,5.245e-05,5.254e-05,5.25e-05,4571.16753719,1066,6057,10038.99999951,5735,6294,6593.80289284,0.5265455499742996,3.4102704802829473,1.6405585002742573
2018-01-31T03:39:52.8,5.265e-05,5.265e-05,5.25e-05,4574.13910408,1070,6070,10038.99999955,5735,6295,6594.6959059,0.5285533499763075,3.505074641873357,1.0596877390995252
2018-01-31T03:40:23.77,5.245e-05,5.26e-05,5.254e-05,4575.51196423,1063,6078,10002.00000001,5735,6295,6594.50512858,0.5246049000005245,3.6525196288261994,0.7922024930615661
2018-01-31T03:40:54.71,5.245e-05,5.246e-05,5.245e-05,4577.05801323,1070,6077,10038.99999955,5731,6293,6594.69357328,0.5265455499763976,3.7506238742332862,0.8493507722590199
2018-01-31T03:41:24.52,5.263e-05,5.259e-05,5.248e-05,4577.44129483,1075,6073,10038.99999955,5737,6296,6594.30307534,0.5283525699763165,2.3130663249498364,1.333368511928495
2018-01-31T03:41:57.66,5.245e-05,5.246e-05,5.245e-05,4578.27202899,1068,6081,10038.99999955,5739,6294,6597.36260776,0.5265455499763976,4.8408145087034145,0.7770372108546633
2018-01-31T03:42:32.363,5.259e-05,5.263e-05,5.26e-05,4581.32358037,1068,6074,10039.99999955,5739,6295,6597.37947474,0.5280035999763345,4.483258602334308,0.3054771873728818
2018-01-31T03:43:02.617,5.245e-05,5.265e-05,5.263e-05,4581.66014707,1068,6076,10039.99999999,5740,6295,6597.52591588,0.5265979999994754,6.057691232132339,0.3028724413252542
2018-01-31T03:43:34.007,5.245e-05,5.262e-05,5.246e-05,4582.46916303,1078,6083,10049.99999999,5739,6294,6598.087015,0.5271224999994755,5.773010934442912,0.5283541693960037
2018-01-31T03:44:13.023,5.246e-05,5.261e-05,5.246e-05,4583.48522571,1090,6089,10038.99999957,5740,6298,6597.50896535,0.5266459399774422,13.916611243649227,0.6351382380956176
2018-01-31T03:44:44.04,5.245e-05,5.246e-05,5.245e-05,4584.09333269,1085,6094,10040.0,5743,6307,6601.22072533,0.526598,14.078128510234388,1.011716344226925
2018-01-31T03:45:14.68,5.255e-05,5.255e-05,5.254e-05,4585.6996729,1096,6102,10040.0,5745,6302,6601.51696067,0.527602,2.948177444395982,1.3705464803861849
2018-01-31T03:45:47.2,5.265e-05,5.27e-05,5.266e-05,4586.10071402,1122,6102,10040.0,5745,6302,6601.5693956,0.528606,2.659655973750927,0.4348704128742425
2018-01-31T03:46:17.793,5.289e-05,5.288e-05,5.276e-05,4586.48074888,1132,6100,10048.99999955,5748,6303,6593.86013053,0.5314916099761995,0.9199066898300357,0.5046553185842207
2018-01-31T03:46:47.823,5.288e-05,5.3e-05,5.288e-05,4588.21341633,1120,6091,10048.99999956,5747,6302,6593.94086281,0.5313911199767328,0.3276061407016086,2.010500243871712
2018-01-31T03:47:44.967,5.288e-05,5.297e-05,5.289e-05,4592.41533434,1118,6105,10050.0,5751,6300,6594.59259934,0.531444,0.7641285242990612,1.7892182694594507
2018-01-31T03:48:16.637,5.289e-05,5.297e-05,5.289e-05,4595.13478833,1117,6110,10050.0,5751,6298,6595.00015539,0.5315445,0.5966809430244133,1.3998655088041054
2018-01-31T03:48:47.17,5.289e-05,5.297e-05,5.289e-05,4596.08809458,1118,6123,10050.0,5751,6298,6595.00015539,0.5315445,1.1653874705122478,0.8832906397794861
2018-01-31T03:49:17.513,5.289e-05,5.3e-05,5.289e-05,4596.79875668,1118,6120,10089.19299999,5755,6300,6593.65252231,0.5336174177694711,1.0651799687332664,1.7139403222487182
2018-01-31T03:49:48.873,5.3e-05,5.299e-05,5.296e-05,4597.37333414,1116,6119,10050.0,5749,6300,6594.20993759,0.53265,0.6672216349230785,1.8460485515852736
2018-01-31T03:50:20.5,5.278e-05,5.288e-05,5.278e-05,4598.24227792,1107,6126,10050.0,5751,6296,6593.4779283,0.530439,1.0809558397369008,0.9480845209765694
2018-01-31T03:50:51.53,5.296e-05,5.296e-05,5.29e-05,4599.10322401,1119,6132,10041.99999956,5753,6301,6593.49696849,0.5318243199766975,1.7824906015612163,1.0105744790988638
2018-01-31T03:51:22.513,5.3e-05,5.3e-05,5.29e-05,4599.84852563,1116,6120,10049.69999999,5750,6300,6592.95439763,0.53263409999947,1.4217273110246293,1.8425171336589965
