timestamp,tick,ask,bid,vol,buys,sells,btc_tick,btc_buys,btc_sells,btc_vol,usdt,first_page_buy_orders,first_page_sell_orders
2017-11-22T05:43:52.877,0.0004105,0.0004126,0.0004105,64.23012892,347,2165,8171.0,12710,3768,5204.20054785,3.3541955,0.4718038850210119,0.4755669706676125
2017-11-22T05:43:52.3,0.0004105,0.0004126,0.0004105,64.23012892,347,2165,8189.99999998,12707,3767,5200.18457558,3.36199499999179,0.47180109526204983,0.4755661781522537
2017-11-22T05:43:53.593,0.0004105,0.0004126,0.0004105,64.23012892,347,2165,8182.0,12704,3767,5195.06079198,3.358711,0.47180109526251485,0.4755661781522537
2017-11-22T05:43:52.877,0.0004105,0.0004126,0.0004105,64.23012892,347,2165,8161.0,12705,3769,5194.90044904,3.3500905,0.4718010952633152,0.4755661781522537
2017-11-22T05:43:53.593,0.0004105,0.0004126,0.0004105,64.23012892,347,2165,8160.0,12702,3769,5192.33470597,3.34968,0.4718010952644513,0.4755661781522537
2017-11-22T05:43:53.593,0.0004105,0.0004126,0.0004105,64.23012892,347,2165,8160.0,12694,3771,5190.85615897,3.34968,0.46810659526445125,0.4755661781522537
2017-11-22T05:46:49.413,0.0004105,0.0004126,0.0004105,64.09116974,306,2166,8160.0,12692,3770,5172.34195428,3.34968,0.6496495378630547,0.4755661781522537
2017-11-22T05:46:48.473,0.0004105,0.0004126,0.0004105,64.09116974,306,2166,8160.0,12685,3767,5174.52384726,3.34968,0.649649537864863,0.4755661781522537
2017-11-22T05:46:49.413,0.0004105,0.0004126,0.0004105,64.09116974,306,2166,8188.0,12686,3767,5175.19764375,3.361174,0.6496495378629416,0.4755661781522537
2017-11-22T05:46:49.413,0.0004105,0.0004126,0.0004105,64.09116974,306,2166,8180.99999976,12693,3770,5173.89556401,3.35830049990148,0.4673392366690882,0.4755661781522537
2017-11-22T05:46:49.413,0.0004105,0.0004126,0.0004105,64.09116974,306,2166,8160.001,12689,3772,5170.40184219,3.3496804105,0.46733923666784055,0.4755661781522537
2017-11-22T05:46:48.473,0.0004105,0.0004126,0.0004105,64.09116974,306,2166,8160.001,12689,3772,5170.40184219,3.3496804105,0.4673392366669301,0.4755661781522537
2017-11-22T05:46:49.413,0.0004105,0.0004126,0.0004105,64.09116974,306,2166,8160.001,12692,3773,5168.36956684,3.3496804105,0.6471359583230234,0.4755661781522537
2017-11-22T05:46:48.473,0.0004105,0.0004126,0.0004105,64.09116974,306,2166,8160.001,12692,3773,5168.36956684,3.3496804105,0.46733923666635735,0.4755661781522537
2017-11-22T05:51:10.597,0.0004105,0.0004126,0.0004107,64.09116974,306,2166,8180.09999977,12700,3771,5158.40134849,3.357931049905585,0.5362969511497374,0.8454069108092861
2017-11-22T05:51:11.533,0.0004105,0.0004126,0.0004107,64.09116974,306,2166,8180.09999977,12685,3773,5153.97759476,3.357931049905585,0.536300019884842,0.47556805137037444
2017-11-22T05:51:09.5,0.0004105,0.0004126,0.0004107,64.09116974,306,2166,8175.0,12686,3772,5142.18845055,3.3558375,0.5363000198852838,0.47556805137037444
2017-11-22T05:51:10.953,0.0004105,0.0004126,0.0004107,64.09116974,306,2166,8180.0,12701,3775,5135.85856425,3.35789,0.5363000198860643,0.47556805137037444
2017-11-22T05:53:20.383,0.0004126,0.0004126,0.0004107,64.09636875,409,2167,8177.09999976,12702,3776,5134.91310101,3.3738714599009763,0.5363000198871841,0.46622004994658045
2017-11-22T05:53:20.383,0.0004126,0.0004126,0.0004107,64.09636875,409,2167,8187.99999996,12689,3772,5132.85976362,3.3783687999834964,0.5363000198845758,0.46622004994658045
2017-11-22T05:53:20.383,0.0004126,0.0004126,0.0004107,64.09636875,409,2167,8150.0,12681,3773,5138.14083572,3.36269,0.5362986155500754,0.46622004994658045
2017-11-22T05:53:20.383,0.0004126,0.0004126,0.0004107,64.09636875,409,2167,8179.99,12689,3774,5134.03620025,3.375063874,0.5362986155481465,0.46622004994658045
2017-11-22T05:53:20.383,0.0004126,0.0004126,0.0004107,64.09636875,409,2167,8179.99,12696,3772,5133.32797667,3.375063874,0.5362986155481465,0.46622004994658045
2017-11-22T05:55:57.493,0.0004126,0.0004126,0.0004107,64.11699875,409,2167,8150.0,12681,3773,5134.19979811,3.36269,0.5362986155506254,0.4455900499465804
2017-11-22T05:55:57.493,0.0004126,0.0004126,0.0004107,64.11699875,409,2167,8179.99,12678,3770,5126.1772732,3.375063874,0.5362986155493771,0.4455900499465804
2017-11-22T05:55:57.493,0.0004126,0.0004126,0.0004107,64.11699875,409,2167,8187.99999999,12695,3774,5124.58326073,3.378368799995874,0.5362986155484695,0.4455900499465804
2017-11-22T05:55:57.493,0.0004126,0.0004126,0.0004107,64.11699875,409,2167,8187.99999999,12698,3773,5122.92188318,3.378368799995874,0.5362986155519708,0.4455900499465804
2017-11-22T05:55:57.493,0.0004126,0.0004126,0.0004107,64.11699875,409,2167,8187.99999998,12684,3773,5125.00336876,3.378368799991748,0.5362986155517456,0.4455900499465804
2017-11-22T05:55:57.493,0.0004126,0.0004126,0.0004107,64.11699875,409,2167,8187.99999998,12685,3775,5123.06081057,3.378368799991748,0.5362986155518621,0.4455900499465804
2017-11-22T05:55:57.493,0.0004126,0.0004126,0.0004107,64.11699875,409,2167,8180.0,12695,3773,5113.47681481,3.375068,0.5345539448041429,0.4455900499465804
2017-11-22T05:55:57.493,0.0004126,0.0004126,0.0004107,64.11699875,409,2167,8150.0,12686,3774,5103.00237511,3.36269,0.5362986155482521,0.4455900499465804
2017-11-22T05:55:57.493,0.0004126,0.0004126,0.0004107,64.11699875,409,2167,8182.0,12678,3771,5099.55185343,3.3758932,0.5362986155490524,0.4455900499465804
2017-11-22T05:55:57.493,0.0004126,0.0004126,0.0004107,64.11699875,409,2167,8182.0,12674,3771,5096.80219492,3.3758932,0.5362986155501953,0.4455900499465804
2017-11-22T05:55:57.493,0.0004126,0.0004126,0.0004107,64.11699875,409,2167,8181.99999999,12676,3771,5095.67285375,3.375893199995874,0.536298615551681,0.4455900499465804
2017-11-22T06:01:52.847,0.0004126,0.0004126,0.0004107,64.13045633,311,2169,8181.99999999,12695,3770,5099.82397792,3.375893199995874,0.5362986155494411,0.4345525586956364
2017-11-22T06:01:52.847,0.0004126,0.0004126,0.0004107,64.13045633,311,2169,8152.00000001,12680,3773,5095.25921181,3.3635152000041257,0.5362986155516133,0.4345525586956364
2017-11-22T06:01:52.847,0.0004126,0.0004126,0.0004107,64.13045633,311,2169,8181.99899994,12675,3774,5089.99988327,3.375892787375244,0.5362986155500601,0.4345525586956364
2017-11-22T06:01:52.847,0.0004126,0.0004126,0.0004107,64.13045633,311,2169,8150.48,12679,3772,5091.29373866,3.362888048,0.5337535448190248,0.4345525586956364
2017-11-22T06:03:35.82,0.0004126,0.00041261,0.0004126,64.21785869,411,2166,8153.16306002,12689,3766,5093.09867354,3.363995078564252,1.1360504040577566,0.7199954217510085
2017-11-22T06:03:36.413,0.0004126,0.00041261,0.0004126,64.21785869,411,2166,8179.98999999,12682,3762,5091.62388807,3.375063873995874,1.1360590523141458,0.7199982315781898
2017-11-22T06:05:09.237,0.00041261,0.00041343,0.0004127,64.22846974,412,2169,8154.0,12673,3760,5088.93138457,3.36442194,1.2449460786858348,0.7100089250649458
2017-11-22T06:05:08.333,0.00041261,0.00041343,0.0004127,64.22846974,412,2169,8154.0,12672,3760,5086.85960346,3.36442194,1.2449474735652049,0.710009213252349
2017-11-22T06:05:09.237,0.00041261,0.00041343,0.0004127,64.22846974,412,2169,8154.00000001,12691,3763,5086.1310473,3.364421940004126,1.2449474735653738,0.710009213252349
2017-11-22T06:05:08.333,0.00041261,0.00041343,0.0004127,64.22846974,412,2169,8154.00000001,12693,3762,5085.80064859,3.364421940004126,0.7205758794863796,0.710009213252349
2017-11-22T06:05:09.237,0.00041261,0.00041343,0.0004127,64.22846974,412,2169,8154.00000001,12680,3758,5084.53313636,3.364421940004126,0.7205759394595506,0.710009213252349
2017-11-22T06:05:09.237,0.00041261,0.00041343,0.0004127,64.22846974,412,2169,8154.00000001,12681,3761,5083.81096152,3.364421940004126,0.7205759394607563,0.710009213252349
2017-11-22T06:05:08.333,0.00041261,0.00041343,0.0004127,64.22846974,412,2169,8154.00000001,12689,3761,5083.73845959,3.364421940004126,0.7205759394607563,0.710009213252349
2017-11-22T06:05:09.237,0.00041261,0.00041343,0.0004127,64.22846974,412,2169,8154.00000001,12690,3759,5083.37725497,3.364421940004126,0.7205759394623082,0.710009213252349
2017-11-22T06:05:09.237,0.00041261,0.00041343,0.0004127,64.22846974,412,2169,8154.00000001,12672,3764,5082.74959587,3.364421940004126,0.7205759394601366,0.710009213252349
2017-11-22T06:05:09.237,0.00041261,0.00041343,0.0004127,64.22846974,412,2169,8154.0,12670,3762,5082.5536209,3.36442194,0.7205759394623819,0.710009213252349
2017-11-22T06:05:09.237,0.00041261,0.00041343,0.0004127,64.22846974,412,2169,8160.0,12687,3766,5068.5226031,3.3668976,0.7205759394609039,0.710009213252349
2017-11-22T06:05:09.237,0.00041261,0.00041343,0.0004127,64.22846974,412,2169,8160.01,12687,3764,5064.43125016,3.3669017261,0.7205759394597732,0.710009213252349
2017-11-22T06:05:09.237,0.00041261,0.00041343,0.0004127,64.22846974,412,2169,8160.01000001,12675,3763,5052.37312559,3.366901726104126,0.72057593945899,0.710009213252349
2017-11-22T06:05:08.333,0.00041261,0.00041343,0.0004127,64.22846974,412,2169,8160.01000002,12676,3764,5049.71919152,3.366901726108252,0.7221982560388618,0.710009213252349
2017-11-22T06:11:59.697,0.0004127,0.00041343,0.0004127,64.20970812,412,2171,8161.0,12691,3761,5046.83145815,3.3680447,0.6654109996226589,0.710009213252349
2017-11-22T06:11:59.697,0.0004127,0.00041343,0.0004127,64.20970812,412,2171,8162.01000002,12695,3761,5044.16669155,3.368461527008254,0.6654109996225718,0.710009213252349
2017-11-22T06:11:59.697,0.0004127,0.00041343,0.0004127,64.20970812,412,2171,8166.0,12696,3759,5044.31789996,3.3701082,0.6654115392655787,0.710009213252349
2017-11-22T06:11:59.697,0.0004127,0.00041343,0.0004127,64.20970812,412,2171,8170.0,12682,3763,5026.48276116,3.371759,0.6654115392621179,0.710009213252349
2017-11-22T06:11:59.697,0.0004127,0.00041343,0.0004127,64.20970812,412,2171,8168.00000001,12693,3767,5021.99081594,3.370933600004127,0.6654115392630767,0.710009213252349
2017-11-22T06:11:59.697,0.0004127,0.00041343,0.0004127,64.20970812,412,2171,8168.00000001,12693,3767,5021.99081594,3.370933600004127,0.6654115392643849,0.710009213252349
2017-11-22T06:11:59.697,0.0004127,0.00041343,0.0004127,64.20970812,412,2171,8168.00000301,12689,3767,5017.23033466,3.370933601242227,0.6654115392619716,0.710009213252349
2017-11-22T06:16:14.21,0.00041735,0.00041735,0.0004127,64.31508266,318,2168,8168.00000001,12683,3771,5012.06562228,3.4089148000041734,0.5909426277473071,0.6438737467857862
2017-11-22T06:16:44.023,0.00041735,0.00041735,0.00041271,64.31508266,318,2168,8168.00000001,12687,3772,5013.12333002,3.4089148000041734,0.6654114382312016,0.6438737467857862
2017-11-22T06:16:45.24,0.00041735,0.00041735,0.00041271,64.31508266,318,2168,8168.00000001,12695,3773,5012.51769248,3.4089148000041734,0.6229589228179336,0.6438737467857862
2017-11-22T06:17:19.41,0.00041735,0.00041735,0.00041272,64.31508266,318,2168,8168.00000001,12693,3774,5012.27720251,3.4089148000041734,0.6229589228184496,0.6438737467857862
2017-11-22T06:17:54.953,0.00041735,0.00041735,0.00041273,64.31508266,318,2168,8168.00000001,12682,3776,5007.22124353,3.4089148000041734,0.6229589228194723,0.4091162105193862
2017-11-22T06:18:32.84,0.00041735,0.00041735,0.00041274,64.4471148,415,2165,8168.0,12686,3776,5006.77750961,3.4089148,0.6056657130961267,0.2770852829640703
2017-11-22T06:19:07.337,0.00041799,0.00041799,0.00041735,64.51285743,413,2164,8168.00000001,12695,3775,5004.79825028,3.4141423200041796,0.5960694520144137,0.21491557362861177
2017-11-22T06:19:45.677,0.00041798,0.0004183,0.00041799,64.55801876,415,2163,8168.00000001,12697,3779,5004.70227037,3.4140606400041795,0.6892224902993579,0.24598715102716018
2017-11-22T06:19:45.677,0.00041798,0.0004183,0.00041799,64.55801876,415,2163,8168.00000001,12678,3778,5004.14003302,3.4140606400041795,0.8304498098256788,0.24599377933743377
2017-11-22T06:20:41.647,0.00041798,0.0004183,0.000418,64.55801876,415,2163,8151.0,12671,3782,4990.31021953,3.4069549799999996,0.825966426090542,0.2459944998059418
2017-11-22T06:21:21.097,0.00041798,0.00041822,0.000418,64.55801876,415,2163,8150.0,12682,3782,4990.18728022,3.4065369999999997,0.7824739370053974,0.2115964373983566
2017-11-22T06:21:40.883,0.00041822,0.00041825,0.00041822,64.55860259,424,2165,8150.00000001,12678,3781,4984.86881111,3.4084930000041824,0.7024937353350943,0.21457940896465935
2017-11-22T06:22:20.597,0.00041825,0.00042,0.000419,64.57947808,421,2163,8150.00000001,12667,3781,4984.30827478,3.4087375000041824,0.6539248946294121,1.0945119416005114
2017-11-22T06:22:38.743,0.00042,0.00042,0.000419,64.63056537,421,2160,8150.00000001,12667,3781,4984.30827478,3.4230000000042002,0.7289355631689545,0.9585193962669434
2017-11-22T06:22:38.273,0.00042,0.00042,0.000419,64.63056537,421,2160,8168.0,12689,3777,4979.09661731,3.4305600000000003,0.7289355631677789,0.9585193962669434
2017-11-22T06:23:35.9,0.000419,0.00042,0.000419,64.63224137,424,2162,8168.0,12693,3776,4978.83087125,3.422392,0.7272595631671375,0.9585193962669434
2017-11-22T06:23:35.9,0.000419,0.00042,0.000419,64.63224137,424,2162,8168.0,12686,3779,4977.82171087,3.422392,0.7313090540687404,0.9585193962669434
2017-11-22T06:24:51.6,0.00042,0.00042,0.000419,64.63644137,424,2165,8168.0,12680,3775,4976.56406218,3.4305600000000003,0.7272595631670302,0.9543193962669434
2017-11-22T06:24:51.6,0.00042,0.00042,0.000419,64.63644137,424,2165,8168.00000001,12685,3780,4975.24317046,3.4305600000042,0.5130267381765892,0.9502647179936857
2017-11-22T06:26:02.173,0.00042,0.00042,0.000419,64.78169466,423,2163,8168.00000001,12683,3779,4967.26876726,3.4305600000042,0.5853298920521413,1.0294018109065113
2017-11-22T06:26:13.23,0.000419,0.00042,0.000419,64.79038218,423,2163,8167.5,12689,3780,4962.16074929,3.4221825,0.5852327585319697,1.0294018109065113
2017-11-22T06:26:14.98,0.000419,0.00042,0.000419,64.79038218,423,2163,8167.5,12682,3777,4962.38721738,3.4221825,0.5727577988715399,1.1058539021101115
2017-11-22T06:26:13.62,0.000419,0.00042,0.000419,64.79038218,423,2163,8169.0,12677,3777,4961.59704611,3.422811,0.5852299532299511,1.1058539021101115
2017-11-22T06:26:14.98,0.000419,0.00042,0.000419,64.79038218,423,2163,8170.0,12676,3777,4962.98764455,3.4232299999999998,0.585229953232008,1.1058539021101115
2017-11-22T06:28:43.627,0.000419,0.000419,0.00041822,64.79777155,325,2166,8180.0,12691,3773,4958.55619844,3.42742,0.5798465757203459,1.0154971060237115
2017-11-22T06:29:06.02,0.00041799,0.00042,0.00041799,64.79981816,320,2165,8180.0,12691,3773,4958.55619844,3.4191581999999996,0.6207999518929973,1.0375799738365115
2017-11-22T06:29:47.813,0.0004127,0.00042,0.00041272,64.86433144,315,2166,8180.0,12691,3773,4958.55619844,3.375886,0.7175548032898563,1.0306124083981114
2017-11-22T06:30:16.74,0.00041999,0.00042,0.00041999,64.88908267,320,2166,8180.0,12686,3774,4942.99687023,3.4355182,0.7199828246864076,1.0306124083981114
2017-11-22T06:30:38.01,0.00041999,0.00042,0.00041999,64.89168131,320,2166,8198.0,12693,3769,4939.06040247,3.44307802,0.6981210076192229,1.0306124083981114
2017-11-22T06:30:37.29,0.00041999,0.00042,0.00041999,64.89168131,320,2166,8198.0,12691,3768,4939.44546128,3.44307802,0.6639459897251596,1.0306124083981114
2017-11-22T06:31:40.95,0.00042,0.000423,0.00042,64.96584749,419,2163,8187.0,12686,3760,4934.89822137,3.43854,0.7556430480290034,0.9900754401271386
2017-11-22T06:31:40.95,0.00042,0.000423,0.00042,64.96584749,419,2163,8187.0,12687,3760,4933.92452108,3.43854,0.8870929168074755,1.0897956330696585
2017-11-22T06:32:37.877,0.000423,0.0004232,0.000423,64.97730365,419,2163,8198.0,12693,3750,4934.44698033,3.467754,0.5596418169183058,1.0897956330696585
2017-11-22T06:33:23.73,0.0004232,0.00042563,0.000425,64.98291709,420,2163,8200.0,12693,3752,4936.03546822,3.47024,0.583642119412445,2.187230627470971
2017-11-22T06:33:51.733,0.00042563,0.00042563,0.000425,65.08424896,420,2158,8200.0,12697,3756,4933.55386235,3.490166,0.4759692262332241,2.1824379491961854
2017-11-22T06:34:25.657,0.00042577,0.00042563,0.00042001,65.2177606,420,2157,8198.0,12674,3758,4931.36523315,3.4904624600000003,0.6843100608080339,2.0509478754265786
2017-11-22T06:34:49.74,0.00042577,0.00042577,0.00042002,65.35032143,420,2157,8198.0,12685,3758,4930.00041429,3.4904624600000003,0.9654458033072936,2.1621898698994113
2017-11-22T06:35:14.85,0.00042577,0.00042577,0.00042003,65.35032143,420,2157,8200.0,12685,3752,4932.67165091,3.491314,1.0829232711432555,2.1621898698994113
2017-11-22T06:35:50.4,0.00042577,0.00042577,0.00042004,65.35032143,420,2157,8200.0,12688,3754,4932.82325168,3.491314,0.9832706681282619,2.1621898698994113
2017-11-22T06:36:26.32,0.00042577,0.00042577,0.00042005,65.35032143,420,2157,8200.0,12671,3752,4930.82545977,3.491314,0.9659305839654762,2.1621898698994113
2017-11-22T06:37:02.65,0.00042577,0.00042577,0.00042006,65.35032143,420,2157,8200.00000001,12674,3751,4917.97211595,3.491314000004258,0.9548827587262143,2.1621898698994113
2017-11-22T06:37:39.82,0.00042577,0.00042577,0.00042007,65.35032143,420,2157,8202.0468995,12683,3749,4916.55043276,3.4921855084001145,1.0494359399452686,2.1621898698994113
2017-11-22T06:38:13.883,0.00042577,0.00042577,0.00042008,65.35032143,420,2157,8205.99999999,12682,3748,4916.87524742,3.493868619995742,1.0149669415915152,2.1621898698994113
2017-11-22T06:38:46.93,0.00042577,0.00042577,0.00041999,65.35032143,420,2157,8200.00000001,12683,3745,4916.08592599,3.491314000004258,1.0037427215748138,2.0652719966317714
2017-11-22T06:38:50.9,0.00042577,0.00042577,0.00042009,65.35032143,420,2157,8205.49999999,12682,3746,4917.83634555,3.493655734995742,0.8258469123897088,2.0652719966317714
2017-11-22T06:39:27.35,0.00042577,0.00042576,0.0004201,65.35032143,420,2157,8200.00000001,12691,3749,4917.48801575,3.491314000004258,0.9907037004940654,1.949197161661571
2017-11-22T06:40:01.853,0.00042576,0.00042576,0.00042011,65.38637275,423,2159,8198.0,12694,3744,4918.57022471,3.4903804800000002,0.8015647310511869,1.934203342475589
2017-11-22T06:40:38.917,0.00042576,0.00042576,0.00042012,65.38637275,423,2159,8190.0,12680,3745,4922.57613106,3.4869744000000003,0.8912600067038957,1.934203342475589
2017-11-22T06:41:13.26,0.00042576,0.00042576,0.00042013,65.38637275,423,2159,8204.99999999,12675,3742,4922.49895515,3.493360799995742,0.9000387673683199,1.934203342475589
2017-11-22T06:41:48.683,0.00042576,0.00042576,0.00042014,65.42556606,360,2163,8197.49999999,12684,3745,4922.49895515,3.490167599995742,1.027789004903136,1.8950100313276286
2017-11-22T06:42:24.073,0.00042576,0.00042576,0.0004201,65.45233895,324,2163,8198.99999999,12690,3743,4922.00109453,3.490806239995742,0.8006566879608665,1.8682371313280894
2017-11-22T06:42:26.167,0.00042576,0.00042576,0.00042015,65.45233895,324,2163,8204.99999999,12677,3744,4921.83313942,3.493360799995742,0.8008606983836846,1.8682371313280894
2017-11-22T06:43:01.34,0.00042576,0.00042576,0.00042016,65.45233895,324,2163,8203.99999998,12677,3743,4921.87593099,3.492935039991485,0.8009428556028657,1.8682371313280894
2017-11-22T06:43:38.56,0.00042576,0.00042576,0.00042017,65.45233895,324,2163,8203.0,12682,3745,4921.53092197,3.49250928,0.7889601719441302,1.8682371313280894
2017-11-22T06:44:21.573,0.0004201,0.00042575,0.00042017,65.45593689,321,2163,8200.0,12689,3744,4923.49384479,3.44482,0.7808915349861998,1.8283784822526772
2017-11-22T06:44:50.25,0.0004201,0.00042574,0.00042017,65.45593689,321,2163,8200.0,12680,3747,4923.3360998,3.44482,0.7859195228759673,1.8283784084922328
2017-11-22T06:45:25.987,0.0004201,0.00042573,0.00042017,65.45593689,321,2163,8200.0,12677,3747,4924.21098144,3.44482,0.6036668382293376,1.828378334731788
2017-11-22T06:46:01.893,0.0004201,0.00042572,0.00042017,65.45593689,321,2163,8204.0,12688,3752,4924.14347544,3.4465004,0.6275874767530724,1.8283782609713435
2017-11-22T06:46:01.893,0.0004201,0.00042572,0.00042017,65.45593689,321,2163,8206.0,12697,3749,4923.80693873,3.4473406,0.6275874767530724,1.8283782609713435
2017-11-22T06:47:10.68,0.0004201,0.00042576,0.00042017,65.45593689,321,2163,8207.0,12691,3749,4928.81798653,3.4477607000000003,0.6275875233235085,1.8682371313280894
2017-11-22T06:47:13.21,0.0004201,0.0004257,0.00042017,65.45593689,321,2163,8209.02356001,12685,3743,4922.54256375,3.4486107975602014,0.6275875233235085,1.8283781134504546
2017-11-22T06:47:48.74,0.0004201,0.00042569,0.00042017,65.45593689,321,2163,8210.00000001,12695,3744,4922.21733591,3.4490210000042016,0.6275875233235085,1.8283780396900102
2017-11-22T06:48:38.41,0.0004201,0.00042568,0.00042018,65.45593689,321,2163,8198.0,12692,3745,4924.55234739,3.4439798,0.6505309387195894,1.8283779659295658
2017-11-22T06:49:01.76,0.0004201,0.00042567,0.00042018,65.45593689,321,2163,8200.0,12694,3745,4926.56513076,3.44482,0.6631527236333451,1.828377892169121
2017-11-22T06:49:47.477,0.0004201,0.00042565,0.00042019,65.46589189,421,2165,8190.0,12669,3744,4928.86506967,3.4406190000000003,0.7169201951574625,1.7862517729167786
2017-11-22T06:50:15.25,0.0004201,0.00042563,0.00042019,65.46589189,421,2165,8190.00000001,12673,3742,4926.07789896,3.440619000004201,0.7169201951574625,1.7862505073705237
2017-11-22T06:50:49.283,0.0004201,0.00042562,0.00042019,65.46589189,421,2165,8190.00000001,12673,3742,4926.07789896,3.440619000004201,0.7189396061956375,1.7862525959003666
2017-11-22T06:51:06.993,0.0004201,0.00042561,0.0004202,65.46589189,421,2165,8210.0,12689,3747,4923.70997431,3.449021,0.7031023299676835,0.7266539638854645
2017-11-22T06:51:47.4,0.00042559,0.0004256,0.0004202,65.4650888,421,2170,8210.0,12683,3747,4923.57876543,3.4940938999999998,0.7031023299676835,1.7667324555022168
2017-11-22T06:52:06.317,0.00042559,0.00042558,0.0004202,65.4650888,421,2170,8150.00000001,12665,3756,4929.31568908,3.468558500004256,0.7209437175874096,0.7088205760992667
2017-11-22T06:52:42.803,0.00042559,0.00042556,0.0004202,65.4650888,421,2170,8180.0,12677,3758,4928.74407359,3.4813262,0.7209437175874096,0.7088201485383243
2017-11-22T06:53:16.43,0.00042559,0.00042554,0.0004202,65.4650888,421,2170,8180.0,12682,3759,4923.06481966,3.4813262,0.5636267689956321,1.6852151232149062
2017-11-22T06:53:56.667,0.0004202,0.00042552,0.0004202,63.57858603,419,2169,8187.15723632,12673,3760,4920.80102466,3.4402434707016645,0.5474238537306781,1.6852146956539638
2017-11-22T06:54:27.157,0.0004202,0.00042551,0.0004202,63.57858603,419,2169,8198.0,12670,3760,4917.07526383,3.4447996,0.5636267689956321,1.6852145481330747
2017-11-22T06:54:59.19,0.00042021,0.0004255,0.00042021,63.58926972,422,2166,8198.0,12681,3760,4916.96893195,3.44488158,1.5299043319028265,1.7519728782049175
2017-11-22T06:55:08.767,0.00042021,0.00042548,0.00042021,63.58926972,422,2166,8198.0,12688,3763,4915.42761901,3.44488158,1.3125820351369297,1.7172116619487885
2017-11-22T06:55:44.503,0.00042021,0.00042546,0.00042021,63.58926972,422,2166,8198.0,12688,3764,4914.16117823,3.44488158,1.3125820351369297,1.717211234387846
2017-11-22T06:56:17.46,0.00042021,0.00042544,0.00042021,63.58926972,422,2166,8187.15723632,12672,3764,4912.93543078,3.4403253422740274,1.4698989837287069,1.7172108068269036
2017-11-22T06:56:57.65,0.00042021,0.00042542,0.00042021,63.58926972,422,2166,8187.15723632,12669,3762,4912.3180604,3.4403253422740274,1.4698989837287069,1.7172103792659612
2017-11-22T06:57:35.947,0.00042021,0.0004254,0.00042021,63.57575255,330,2166,8187.15723632,12684,3762,4911.17439388,3.4403253422740274,1.4698989837287069,1.7172099517050188
2017-11-22T06:58:09.123,0.00042021,0.00042538,0.00042021,63.57575255,330,2166,8187.15723632,12676,3765,4902.84798366,3.4403253422740274,1.4698989837287069,1.7172095241440763
2017-11-22T06:58:42.44,0.00042021,0.00042536,0.00042021,63.57575255,330,2166,8190.0,12658,3763,4902.58768087,3.4415199000000003,1.4698989837287069,1.717209096583134
2017-11-22T06:59:13.71,0.00042021,0.00042535,0.00042021,63.57575255,330,2166,8187.15723632,12659,3766,4902.76345551,3.4403253422740274,1.4698989837287069,1.717208949062245
2017-11-22T06:59:18.07,0.00042021,0.00042534,0.00042021,63.57575255,330,2166,8187.15723632,12676,3765,4901.78406537,3.4403253422740274,1.4622221064086138,1.751971685713624
2017-11-22T07:00:14.8,0.0004202,0.00042532,0.0004202,63.66417187,417,2167,8198.0,12684,3767,4900.48224276,3.4447996,1.3417902748863981,1.7172082414612493
2017-11-22T07:00:33.48,0.0004202,0.0004253,0.00042021,63.66417187,417,2167,8199.0,12671,3763,4898.2809463,3.4452198000000003,1.5937301266838466,1.7656635970074768
2017-11-22T07:01:08.657,0.0004202,0.00042528,0.00042021,63.66417187,417,2167,8199.0,12671,3763,4898.2809463,3.4452198000000003,1.5937301266838466,1.7656605415229036
2017-11-22T07:01:43.24,0.0004202,0.00042526,0.00042021,63.66417187,417,2167,8200.9,12690,3762,4895.64140881,3.44601818,1.5937301266838466,1.7656578353147083
2017-11-22T07:02:18.367,0.0004202,0.00042524,0.00042021,63.66417187,417,2167,8201.0,12690,3761,4895.93895669,3.4460602000000002,1.5937301266838466,1.7656551291065132
2017-11-22T07:02:48.717,0.0004202,0.00042523,0.00042021,63.66417187,417,2167,8202.0,12673,3754,4895.72128087,3.4464804,1.5937300677848767,1.7656524228983181
2017-11-22T07:03:24,0.0004202,0.00042521,0.00042021,63.66417187,417,2167,8216.999986,12677,3754,4896.05485106,3.4527833941172004,1.5937300677848767,1.749152441758551
2017-11-22T07:03:51.523,0.00042021,0.0004252,0.00042021,63.72929871,409,2168,8216.999986,12693,3757,4896.65137471,3.4528655641170602,1.5096880677848765,1.7656497166901228
2017-11-22T07:04:07.41,0.00042021,0.00042518,0.00042021,63.72929871,409,2168,8215.0,12687,3756,4893.2799412,3.4520251500000003,1.5096880677848765,1.7656470104819277
2017-11-22T07:04:49.66,0.00042021,0.00042516,0.00042021,63.72929871,409,2168,8216.999986,12675,3755,4893.58790691,3.4528655641170602,1.5096880677848765,1.7656443042737324
2017-11-22T07:05:24.12,0.00042021,0.00042514,0.00042021,63.72929871,409,2168,8215.0,12678,3758,4898.87211091,3.4520251500000003,1.7091880677846016,1.7656415980655373
2017-11-22T07:05:52.377,0.00042021,0.00042513,0.00042021,63.72929871,409,2168,8215.0,12692,3755,4899.9169619,3.4520251500000003,1.573144739135247,1.765638891857342
2017-11-22T07:06:27.957,0.00042021,0.00042511,0.00042021,63.72929871,409,2168,8220.0,12694,3745,4905.72318311,3.4541262,1.573144739135247,1.765638744336453
2017-11-22T07:06:33.02,0.00042021,0.0004251,0.00042021,63.72929871,409,2168,8220.0,12674,3738,4905.40226639,3.4541262,1.573144739135247,1.765636185649147
2017-11-22T07:07:06.197,0.00042021,0.00042508,0.00042021,63.72929871,409,2168,8230.0,12687,3725,4906.84856782,3.4583283000000002,1.573144739135247,1.7656334794409516
2017-11-22T07:07:45.573,0.00042021,0.00042506,0.00042021,63.85434237,408,2168,8235.0,12695,3717,4909.35147842,3.46042935,1.447081739135247,1.7331676363686253
2017-11-22T07:08:24.92,0.00042021,0.00042504,0.00042021,63.85434237,408,2168,8236.72000001,12690,3705,4912.16374538,3.4611521112042025,1.3468573653328964,1.73316493016043
2017-11-22T07:09:04.58,0.00042021,0.00042502,0.00042021,63.87955497,405,2169,8230.0,12687,3707,4912.21530237,3.4583283000000002,1.4218691391352472,0.6761434946949394
2017-11-22T07:09:38.743,0.00042021,0.000425,0.00042021,63.87955497,405,2169,8225.0,12672,3709,4903.98357565,3.45622725,1.4218691391352472,1.7331595177440395
2017-11-22T07:10:04.377,0.00042021,0.000424,0.00042021,63.90059464,408,2170,8225.005,12678,3710,4903.52749018,3.4562293510499997,1.4008294609966685,0.6761328305831982
2017-11-22T07:10:47.987,0.00042021,0.00042399,0.00042021,63.90059464,408,2170,8244.89999998,12688,3706,4903.73958978,3.4645894289915957,1.4008294609966685,1.7295713693416834
2017-11-22T07:11:13.807,0.00042021,0.00042399,0.00042021,63.90875758,309,2168,8226.0,12685,3701,4904.1511823,3.45664746,1.383749847554117,1.8004802918977396
2017-11-22T07:11:22.85,0.00042021,0.00042398,0.00042021,63.90875758,309,2168,8226.0,12658,3693,4902.26938201,3.45664746,1.3087380737517662,1.7657071700254106
2017-11-22T07:11:58.7,0.00042021,0.00042397,0.00042021,63.90875758,309,2168,8226.0,12666,3702,4903.15394196,3.45664746,1.3137255737498528,1.7653190962649659
2017-11-22T07:12:34.44,0.00042021,0.00042396,0.00042021,63.90875758,309,2168,8248.99999999,12712,3699,4901.6212368,3.466312289995798,1.3137255737498528,1.7652141042973746
2017-11-22T07:13:10.443,0.00042021,0.00042395,0.00042021,63.90875758,309,2168,8230.0,12717,3705,4900.90472272,3.4583283000000002,1.3520509601492943,1.7652122841550404
2017-11-22T07:13:47.51,0.00042021,0.00042394,0.00042021,63.90875758,309,2168,8230.0,12717,3705,4900.90472272,3.4583283000000002,1.3520509601492943,1.765212210394596
2017-11-22T07:13:47.51,0.00042021,0.00042394,0.00042021,63.90875758,309,2168,8232.50199999,12704,3710,4897.54512312,3.4593796654157978,1.3520509601492943,1.765212210394596
2017-11-22T07:14:31.17,0.00042021,0.00042393,0.00042021,63.90875758,309,2168,8232.50199999,12721,3708,4897.70363293,3.4593796654157978,1.3520509601492943,1.7652121366341516
2017-11-22T07:15:09.363,0.00042021,0.00042392,0.00042021,63.90875758,309,2168,8231.0,12729,3711,4895.49289765,3.45874851,1.3520509601492943,1.765212062873707
2017-11-22T07:15:43.12,0.00042021,0.00042391,0.00042021,63.90875758,309,2168,8232.50199999,12711,3705,4892.55330305,3.4593796654157978,1.3520509601492943,1.7652119891132625
2017-11-22T07:16:19.373,0.00042021,0.0004239,0.00042021,63.90875758,309,2168,8244.0,12713,3708,4892.83705363,3.46421124,1.3520509601492943,1.765211915352818
2017-11-22T07:16:56.207,0.00042021,0.00042389,0.00042021,63.90875758,309,2168,8233.0,12724,3704,4891.51201188,3.4595889300000002,1.3520509601492943,1.7652118415923734
2017-11-22T07:17:29.933,0.00042021,0.00042499,0.00042021,63.90875758,309,2168,8233.0,12733,3704,4890.95414708,3.4595889300000002,1.3520509601492943,1.765211767831929
2017-11-22T07:17:32.527,0.00042021,0.00042388,0.00042021,63.90875758,309,2168,8243.0,12727,3702,4890.8904854,3.4637910300000003,1.3520509601492943,1.765211767831929
2017-11-22T07:18:31.76,0.00042499,0.00042499,0.00042021,63.85178886,409,2170,8233.0,12714,3704,4892.06592593,3.49894267,1.1178453605158303,1.798763414386937
2017-11-22T07:18:42.723,0.00042499,0.00042499,0.00042022,63.85178886,409,2170,8234.0,12720,3707,4892.12605721,3.49936766,1.1178453605158303,1.7987581752412685
2017-11-22T07:19:17.26,0.00042499,0.00042499,0.0004239,63.85178886,409,2170,8240.0,12737,3702,4893.53557145,3.5019175999999996,1.0402457876880162,1.7987581752412685
2017-11-22T07:19:17.26,0.00042499,0.00042499,0.0004239,63.85178886,409,2170,8240.0,12731,3709,4892.88984514,3.5019175999999996,1.0402457876913256,1.7987581752412685
2017-11-22T07:19:17.26,0.00042499,0.00042499,0.0004239,63.85178886,409,2170,8247.2,12714,3711,4896.87435984,3.504977528,1.040245787691112,1.7987581752412685
2017-11-22T07:19:17.26,0.00042499,0.00042499,0.0004239,63.85178886,409,2170,8240.2,12722,3711,4895.64563631,3.5020025980000002,1.040245787691578,1.7987581752412685
2017-11-22T07:21:27.553,0.0004239,0.00042499,0.0004239,63.83080839,408,2171,8240.2,12730,3718,4896.14339414,3.49302078,1.0396442876874352,1.8323830924395086
2017-11-22T07:22:11.577,0.0004239,0.00042499,0.0004239,63.83327744,410,2170,8239.0,12722,3688,4895.29163434,3.4925121,1.0371752282064644,1.8323830924395086
2017-11-22T07:22:11.577,0.0004239,0.00042499,0.0004239,63.83327744,410,2170,8239.0,12712,3685,4894.42752467,3.4925121,1.116084324959869,1.8323830924395086
2017-11-22T07:22:11.577,0.0004239,0.00042499,0.0004239,63.83327744,410,2170,8234.00000001,12701,3686,4895.1574145,3.4903926000042396,1.037175228204768,1.8323830924395086
2017-11-22T07:22:11.577,0.0004239,0.00042499,0.0004239,63.83327744,410,2170,8234.00000001,12723,3686,4895.27668744,3.4903926000042396,0.9988498418043107,1.8323830924395086
2017-11-22T07:24:23.84,0.0004239,0.0004239,0.00042031,63.81886635,408,2170,8234.1,12720,3694,4894.93921949,3.4904349900000002,1.079519974118304,1.8764168761812572
2017-11-22T07:24:53.15,0.00042576,0.00042415,0.00042031,63.98360974,410,2168,8230.0,12701,3694,4901.51971752,3.5040048,1.07867929078201,1.994453513088765
2017-11-22T07:24:53.15,0.00042576,0.00042415,0.00042031,63.98360974,410,2168,8234.1,12711,3695,4901.83111619,3.505750416,1.0786995488096718,1.793150678118565
2017-11-22T07:25:59.437,0.00042576,0.00042415,0.00042021,63.98360974,410,2168,8237.0,12721,3702,4900.84125724,3.50698512,1.0121797110121693,1.793150678118565
2017-11-22T07:26:16.943,0.00042576,0.00042577,0.00042576,64.01528332,327,2165,8238.5,12723,3702,4899.63724914,3.50762376,1.0749842506398815,1.9747693825840609
2017-11-22T07:26:16.943,0.00042576,0.00042577,0.00042576,64.01528332,327,2165,8237.02,12709,3704,4897.31442324,3.5069936352,1.0085710738855835,1.9747693825840609
2017-11-22T07:26:18.317,0.00042576,0.00042577,0.00042576,64.01528332,327,2165,8237.02,12713,3704,4897.10307724,3.5069936352,1.0085710738860496,1.9747693825840609
2017-11-22T07:26:18.113,0.00042576,0.00042577,0.00042576,64.01528332,327,2165,8238.3,12725,3707,4896.21329747,3.507538608,1.0085710738829927,1.9747693825840609
2017-11-22T07:28:28.613,0.0004202,0.00042576,0.0004202,64.51763591,304,2167,8238.3,12716,3709,4895.5191731,3.4617336599999997,0.9000665472006639,1.9890072591348809
2017-11-22T07:29:01.563,0.0004202,0.00042574,0.0004202,64.51763591,304,2167,8225.0,12709,3709,4896.15718065,3.4561450000000002,0.9000665472006639,1.9849261805519205
2017-11-22T07:29:34.483,0.0004202,0.00042573,0.0004202,64.51763591,304,2167,8237.0,12711,3711,4895.79238901,3.4611874,0.9000665472006639,1.9921574553315697
2017-11-22T07:30:11.68,0.0004202,0.00042572,0.0004202,64.51763591,304,2167,8237.0,12706,3715,4896.80245111,3.4611874,0.9000665472006639,1.984925609216207
2017-11-22T07:30:45.257,0.00042572,0.00042577,0.00042572,64.51710708,401,2175,8238.3,12713,3715,4896.55183136,3.5072090759999996,1.1249772207195967,1.9890145939388206
2017-11-22T07:31:13.8,0.00042572,0.00042577,0.00042572,64.53903863,402,2174,8238.0,12713,3714,4896.15836044,3.50708136,1.1030456647652465,1.9891033101388582
2017-11-22T07:31:12.817,0.00042572,0.00042577,0.00042572,64.53903863,402,2174,8238.0,12712,3715,4895.72017998,3.50708136,1.1056343098323411,1.9891033101388582
2017-11-22T07:31:56.2,0.00042572,0.00042577,0.00042022,64.60036986,402,2176,8240.0,12712,3703,4896.80458191,3.5079328,0.8008759630735337,1.989017737426224
2017-11-22T07:32:33.24,0.00042572,0.00042576,0.00042023,64.60036986,402,2176,8240.0,12713,3704,4894.20235581,3.5079328,0.8008759630724983,1.9890072591348809
2017-11-22T07:32:58.9,0.00042572,0.00042576,0.00042572,64.60036986,402,2176,8240.0,12716,3704,4893.21716738,3.5079328,0.9040486503098368,1.9890072591348809
2017-11-22T07:33:48.013,0.00042572,0.00042576,0.00042025,64.60036986,402,2176,8240.0,12711,3703,4892.89122097,3.5079328,0.8803294369133686,1.9890072591348809
2017-11-22T07:34:21.98,0.00042572,0.00042576,0.00042026,64.60036986,402,2176,8242.53,12716,3704,4886.60614279,3.5090098716,0.8803294369142877,1.9890072591348809
2017-11-22T07:34:55.163,0.00042572,0.00042576,0.0004202,64.60036986,402,2176,8240.0,12721,3703,4886.64707305,3.5079328,0.8777408013675959,1.9890072591348809
2017-11-22T07:35:20.993,0.00042576,0.00042577,0.00042027,64.50450213,405,2175,8242.53,12715,3702,4886.99182204,3.5093395728000005,0.894460600821666,1.9747693825840609
2017-11-22T07:35:34.25,0.00042576,0.00042577,0.00042028,64.50450213,405,2175,8240.0,12710,3705,4886.40098611,3.5082624,0.8944608332483415,1.9747693825840609
2017-11-22T07:36:10.043,0.00042576,0.00042577,0.00042029,64.50450213,405,2175,8250.0,12714,3679,4889.57868634,3.5125200000000003,0.8944608332470148,1.9747693825840609
2017-11-22T07:36:45.667,0.00042577,0.00042577,0.0004203,64.50500088,403,2175,8253.999998,12719,3678,4890.42843264,3.5143055791484596,0.8944608332463408,1.9742706325830939
2017-11-22T07:37:21.833,0.00042577,0.00042577,0.00042032,64.50500088,403,2175,8250.0,12724,3682,4890.4437098,3.5126025000000003,0.686052468894749,1.9742706325830939
2017-11-22T07:37:57.58,0.00042577,0.00042577,0.00042033,64.50500088,403,2175,8250.0,12732,3681,4886.71493076,3.5126025000000003,0.6860524688960353,1.9742706325830939
2017-11-22T07:38:34.42,0.00042577,0.00042577,0.00042034,64.50500088,403,2175,8252.0,12717,3677,4887.11556472,3.51345404,0.6860525269902333,1.9742706325830939
2017-11-22T07:38:53.397,0.00042577,0.00042577,0.00042034,64.50580088,404,2175,8250.0,12715,3680,4888.21231252,3.5126025000000003,0.6054174958902333,1.9734706324673639
2017-11-22T07:39:09.247,0.00042577,0.00042577,0.00042035,64.50580088,404,2175,8250.0,12729,3680,4884.29740532,3.5126025000000003,0.6054174958918732,1.9734706324673639
2017-11-22T07:40:13.667,0.0004202,0.00042576,0.0004202,64.80387423,403,2160,8250.0,12727,3681,4885.43929222,3.46665,0.6272274587876132,1.9877085090181839
2017-11-22T07:40:24.41,0.0004202,0.00042574,0.0004202,64.80387423,403,2160,8240.0,12722,3684,4886.75887827,3.462448,0.6272274587876132,1.9845117141338187
2017-11-22T07:40:59.893,0.0004202,0.00042573,0.0004202,64.80387423,403,2160,8253.2,12722,3680,4883.9691941,3.4679946400000006,0.6316667466037059,1.9917429877727186
2017-11-22T07:41:36.767,0.0004202,0.00042572,0.00042021,64.80387423,403,2160,8253.99999999,12720,3678,4891.75541534,3.468330799995798,0.6428569466011885,1.9845111410869816
2017-11-22T07:42:12.403,0.0004202,0.00042571,0.00042021,64.80387423,403,2160,8250.99899999,12721,3680,4891.86541402,3.4670697797957986,0.6428569466011885,1.9845110664968284
2017-11-22T07:42:49.243,0.00042021,0.0004257,0.00042022,64.7980639,315,2165,8239.0,12714,3683,4891.4167762,3.46211019,0.6428573315920265,1.9845109919066757
2017-11-22T07:42:55.477,0.00042021,0.0004257,0.00042021,64.7980639,315,2165,8250.0,12715,3686,4891.98853187,3.4667325,0.6428569466011885,1.9885674611890494
2017-11-22T07:43:23.807,0.00042021,0.00042569,0.00042021,64.7980639,315,2165,8249.9999999,12721,3686,4887.07842711,3.466732499957979,0.6528320054982538,1.9845109173165225
2017-11-22T07:44:21.527,0.00042568,0.00042573,0.00042568,64.80123905,308,2164,8238.3,12720,3686,4886.70500223,3.506879544,0.3424463077469061,1.9885674611890494
2017-11-22T07:44:52.107,0.00042568,0.00042573,0.00042568,64.80123905,308,2164,8238.31,12720,3688,4883.90398108,3.5068838008,0.5567690575068635,1.9885674611890494
2017-11-22T07:45:00.587,0.00042568,0.00042572,0.00042568,64.80123905,308,2164,8238.3,12719,3692,4884.3902444,3.506879544,1.0555190575069442,1.9847140898911473
2017-11-22T07:45:00.587,0.00042568,0.00042572,0.00042568,64.80123905,308,2164,8238.30000001,12724,3693,4883.57054546,3.506879544004257,1.0555190575076494,1.9847140898911473
2017-11-22T07:44:59.557,0.00042568,0.00042572,0.00042568,64.80123905,308,2164,8246.99899999,12725,3694,4883.44018346,3.5105825343157435,0.8982026321282569,1.9847140898911473
2017-11-22T07:45:00.977,0.00042568,0.00042572,0.00042568,64.80123905,308,2164,8246.99900001,12722,3694,4883.37234276,3.510582534324257,0.8982026321260094,1.9847140898911473
2017-11-22T07:44:59.9,0.00042568,0.00042572,0.00042568,64.80123905,308,2164,8246.99799999,12720,3691,4882.12010477,3.5105821086357434,1.1323598031364543,1.9847140898911473
2017-11-22T07:47:31.763,0.00042568,0.00042572,0.00042568,64.80479238,405,2166,8238.3,12712,3694,4882.22610638,3.506879544,0.8940983766849898,1.9847140898911473
2017-11-22T07:47:32.543,0.00042568,0.00042572,0.00042568,64.80479238,405,2166,8238.30000002,12723,3695,4881.16493877,3.506879544008514,0.8940983766839932,1.9847140898911473
2017-11-22T07:47:31.763,0.00042568,0.00042572,0.00042568,64.80479238,405,2166,8238.30000002,12719,3696,4876.25692399,3.506879544008514,0.8940983766836222,1.9847140898911473
2017-11-22T07:49:21.12,0.00042568,0.00042567,0.00042031,64.80351737,405,2166,8238.30000002,12720,3696,4876.61706712,3.506879544008514,1.128589441065399,1.744312120963353
2017-11-22T07:49:57.413,0.00042568,0.00042567,0.00042032,64.80351737,405,2166,8238.30000002,12726,3689,4876.66072621,3.506879544008514,1.1285894410662807,1.744312120963353
2017-11-22T07:50:41.16,0.00042568,0.00042567,0.00042034,64.80351737,405,2166,8238.30000003,12724,3690,4876.6448725,3.5068795440127705,0.8952485309700896,1.9855509559335531
2017-11-22T07:51:13.393,0.0004202,0.00042568,0.00042035,64.91303037,402,2166,8238.30000003,12727,3689,4873.29152679,3.461733660012606,1.052592759687312,1.9894047240181696
2017-11-22T07:51:47.567,0.0004202,0.00042567,0.00042036,64.91303037,402,2166,8250.99899999,12728,3692,4872.44267765,3.4670697797957986,1.0525927596907019,1.9895769600714985
2017-11-22T07:51:47.567,0.0004202,0.00042567,0.00042036,64.91303037,402,2166,8250.99899999,12734,3688,4871.90664594,3.4670697797957986,0.4743967755727492,1.9938336600714985
2017-11-22T07:52:47.51,0.00042567,0.00042567,0.00042037,64.92287234,404,2167,8238.40000003,12743,3690,4868.62353064,3.5068397280127703,0.4743967755725633,1.9845546736920094
2017-11-22T07:53:01.673,0.00042567,0.00042567,0.00042038,64.92287234,404,2167,8238.40000003,12745,3693,4868.0676213,3.5068397280127703,0.4743967755730055,1.9845546736920094
2017-11-22T07:53:35.3,0.00042567,0.00042567,0.00042039,64.92287234,404,2167,8248.06057564,12737,3695,4866.52794975,3.5109519452326787,0.47439677556987214,1.9845546736920094
2017-11-22T07:54:11.127,0.00042567,0.00042567,0.0004204,64.92287234,404,2167,8238.40000003,12731,3696,4863.51837611,3.5068397280127703,0.47439677557157117,1.9845546736920094
2017-11-22T07:54:46.69,0.00042567,0.00042567,0.00042041,64.92287234,404,2167,8238.40000003,12740,3695,4861.42639888,3.5068397280127703,0.5538427015649394,1.9845546736920094
2017-11-22T07:55:22.377,0.00042567,0.00042567,0.00042042,64.92287234,404,2167,8248.06057564,12743,3696,4861.19862467,3.5109519452326787,0.5538427015678964,1.9845546736920094
2017-11-22T07:55:22.377,0.00042567,0.00042567,0.00042042,64.92287234,404,2167,8248.06057564,12730,3694,4861.94894839,3.5109519452326787,0.5538427015678964,1.9845546736920094
2017-11-22T07:56:05.937,0.00042567,0.00042567,0.00042043,64.92287234,404,2167,8253.0,12730,3697,4862.10454044,3.51305451,0.5538427015672787,1.9845546736920094
2017-11-22T07:56:42.407,0.00042567,0.0004256,0.00042044,64.92287234,404,2167,8248.06057565,12742,3694,4864.57155949,3.5109519452369358,0.5538427015672904,2.066059339004886
2017-11-22T07:57:17.97,0.00042567,0.0004256,0.00042045,64.92287234,404,2167,8248.06057564,12742,3699,4867.08778581,3.5109519452326787,0.5538516657679322,1.8357002906642126
2017-11-22T07:57:53.89,0.00042567,0.0004256,0.00042046,64.92287234,404,2167,8248.06057564,12733,3700,4868.41983898,3.5109519452326787,0.5538516657649994,1.8357002906642126
2017-11-22T07:58:31.75,0.00042567,0.0004256,0.00042047,64.92287234,404,2167,8248.06057564,12729,3698,4871.00850454,3.5109519452326787,0.5538516657669017,1.8357002906642126
2017-11-22T07:59:05.08,0.00042567,0.0004256,0.00042048,64.92287234,404,2167,8250.0,12740,3697,4869.31203722,3.5117775,0.55385166576523,1.8357002906642126
2017-11-22T07:59:05.08,0.00042567,0.0004256,0.00042048,64.92287234,404,2167,8250.0,12748,3697,4869.24133617,3.5117775,0.55385166576523,1.8357002906642126
2017-11-22T07:59:41.83,0.00042567,0.0004256,0.00042049,64.92287234,404,2167,8251.0,12747,3693,4869.06227165,3.5122031700000003,0.5538516657641892,1.8357002906642126
2017-11-22T08:00:20.457,0.0004205,0.0004256,0.0004205,64.86355214,401,2167,8250.6551,12728,3696,4866.83284957,3.4694004695499996,0.5512720536805796,1.8357002906642126
2017-11-22T08:00:55.41,0.0004205,0.00042559,0.0004202,64.86355214,401,2167,8250.0,12738,3701,4871.018966,3.469125,0.5512410645634356,1.8018928061306765
2017-11-22T08:01:31.02,0.0004205,0.00042558,0.0004202,64.86355214,401,2167,8254.0,12743,3693,4868.37941533,3.4708069999999998,0.5512410645634356,1.8018927447843724
2017-11-22T08:02:18.83,0.0004205,0.00042557,0.0004245,64.86355214,401,2167,8248.28282717,12722,3692,4860.76080502,3.4684029288249847,0.6097404628433747,1.8018926834380684
2017-11-22T08:02:42.663,0.0004245,0.00042556,0.0004245,64.90863809,401,2169,8248.37781394,12728,3693,4849.18483644,3.50143638201753,0.5672914148952584,1.9287585174994626
2017-11-22T08:03:18.527,0.0004245,0.00042555,0.0004245,64.88833789,402,2168,8254.2,12729,3696,4849.19598908,3.5039079000000006,0.5609239148952583,1.9287584561531583
2017-11-22T08:03:52.573,0.0004245,0.00042558,0.0004245,64.88833789,402,2168,8255.07453649,12750,3692,4839.82823277,3.504279140740005,0.5609242181952583,1.9287583948068543
2017-11-22T08:03:54.2,0.0004245,0.00042554,0.0004245,64.88833789,402,2168,8254.2,12746,3691,4839.06343454,3.5039079000000006,0.5609242181952583,1.9287583948068543
2017-11-22T08:04:29.793,0.0004245,0.00042553,0.0004245,64.88833789,402,2168,8255.99,12732,3693,4837.02924525,3.5046677550000003,0.5609242181952583,1.9287583334605503
2017-11-22T08:05:05.577,0.0004245,0.00042552,0.0004245,64.88833789,402,2168,8260.0,12741,3686,4836.63298794,3.50637,0.5609242181952583,1.9287582721142462
2017-11-22T08:05:41.36,0.0004245,0.00042551,0.0004245,64.88833789,402,2168,8260.117995,12750,3685,4831.32210792,3.5064200888775003,0.5609242181952583,1.928758210767942
2017-11-22T08:06:17.113,0.0004245,0.0004255,0.0004245,64.88833789,402,2168,8264.72802708,12744,3682,4830.36729355,3.5083770474954603,0.5609242181952583,1.928758149421638
2017-11-22T08:06:56.52,0.0004245,0.00042549,0.0004245,64.8166233,402,2167,8264.8361,12739,3688,4826.16975379,3.5084229244500005,0.5524342181952584,1.9287580880753339
2017-11-22T08:07:28.71,0.0004245,0.00042548,0.0004245,64.8166233,402,2167,8269.999999,12735,3686,4824.42947991,3.5106149995755,0.5524342181952584,1.9287580267290296
2017-11-22T08:08:01.793,0.0004245,0.00042558,0.0004245,64.8166233,402,2167,8265.0,12750,3682,4825.07753779,3.5084925,0.5524342181952584,1.964048281380423
2017-11-22T08:08:04.557,0.0004245,0.00042547,0.0004245,64.8166233,402,2167,8264.72802708,12748,3679,4828.31629293,3.5083770474954603,0.5524342181952584,1.9287579653827256
2017-11-22T08:08:40.84,0.0004245,0.00042546,0.0004245,64.8166233,402,2167,8270.00000001,12726,3669,4825.75671425,3.5106150000042455,0.5524342181952584,1.9481921262602215
2017-11-22T08:09:16.75,0.0004245,0.00042545,0.0004245,64.8166233,402,2167,8276.0,12726,3664,4823.85514647,3.5131620000000003,0.5524342181952584,1.9481920649139175
2017-11-22T08:09:53.78,0.0004245,0.00042544,0.0004245,64.8166233,402,2167,8276.0,12738,3679,4831.73927954,3.5131620000000003,0.5524342181952584,1.9481920035676132
2017-11-22T08:10:28.987,0.0004245,0.00042543,0.0004245,64.8166233,402,2167,8265.0,12731,3677,4854.93602026,3.5084925,0.38494271531763835,1.9481919422213092
2017-11-22T08:11:03.663,0.0004245,0.00042542,0.0004245,64.8166233,402,2167,8276.0,12700,3669,4848.18747841,3.5131620000000003,0.38494271531763835,1.2564033385779203
2017-11-22T08:11:39.51,0.0004245,0.00042541,0.0004245,64.8166233,402,2167,8276.0,12702,3669,4843.9966552,3.5131620000000003,0.38494271531763835,1.256403277231616
2017-11-22T08:11:52.333,0.0004245,0.0004254,0.0004245,64.8166233,402,2167,8269.9,12733,3671,4845.16593331,3.51057255,0.38494271531763835,1.256345944108898
2017-11-22T08:12:19.65,0.0004245,0.00042539,0.0004245,64.8166233,402,2167,8269.9,12735,3671,4845.9965973,3.51057255,0.38494271531763835,0.8868733188972886
2017-11-22T08:12:55.293,0.0004245,0.00042538,0.0004245,64.8166233,402,2167,8280.0,12726,3671,4847.22613657,3.51486,0.5422582467691857,1.256403093192704
2017-11-22T08:13:32.58,0.0004245,0.00042537,0.0004242,64.80233634,301,2168,8285.03524436,12694,3664,4854.36968806,3.51699746123082,0.6205185892489633,1.2564030318463997
2017-11-22T08:14:07.13,0.0004242,0.00042536,0.0004242,64.80314214,401,2168,8280.0,12722,3671,4854.57360445,3.512376,0.3829562938522117,1.2564029705000956
2017-11-22T08:14:49.893,0.0004242,0.00042535,0.0004242,64.80314214,401,2168,8280.0,12727,3665,4846.77733962,3.512376,0.3829562938522117,1.2564029091537916
2017-11-22T08:14:49.893,0.0004242,0.00042535,0.0004242,64.80314214,401,2168,8280.0,12721,3676,4842.62979534,3.512376,0.3829562938522117,1.2564029091537916
2017-11-22T08:15:26.257,0.0004242,0.00042534,0.0004242,64.80314214,401,2168,8284.13005,12691,3674,4841.75050526,3.51412796721,0.6188778189315117,1.2564028478074873
2017-11-22T08:16:02.277,0.0004242,0.00042533,0.0004242,64.80314214,401,2168,8280.0,12697,3677,4841.11915338,3.512376,0.3829558253336167,1.2564027864611833
2017-11-22T08:16:38.187,0.0004242,0.00042532,0.0004242,64.80314214,401,2168,8280.0,12708,3672,4841.8325412,3.512376,0.3829558253336167,1.2564027251148793
2017-11-22T08:17:14.08,0.0004242,0.00042531,0.0004242,64.80314214,401,2168,8287.00000001,12712,3668,4840.86989334,3.5153454000042426,0.3829558253336167,1.2564026637685752
2017-11-22T08:17:49.74,0.0004242,0.0004253,0.0004242,64.80314214,401,2168,8279.0,12686,3665,4837.14335376,3.5119518000000003,0.3829558253336167,1.256402602422271
2017-11-22T08:18:18.48,0.0004253,0.00042558,0.00042533,64.78075042,404,2168,8288.0,12695,3666,4837.57811749,3.5248863999999998,0.3125821525400253,2.317671307575264
2017-11-22T08:18:18.48,0.0004253,0.00042558,0.00042533,64.78075042,404,2168,8294.22903832,12723,3643,4840.22358834,3.527535609997496,0.31258273630800315,2.3177345265997005
2017-11-22T08:18:22.65,0.0004253,0.00042558,0.00042533,64.78075042,404,2168,8290.0,12697,3636,4841.66983021,3.525737,0.3099669742990195,2.3177345265997005
2017-11-22T08:19:55.277,0.0004253,0.00042557,0.00042533,64.78075042,404,2168,8290.0,12696,3637,4841.31814966,3.525737,0.33253273630771496,1.358936908977796
2017-11-22T08:19:55.277,0.0004253,0.00042557,0.00042533,64.78075042,404,2168,8290.0,12702,3639,4840.95363528,3.525737,0.33253273630815827,1.358936908977796
2017-11-22T08:20:57.333,0.00042533,0.00042533,0.0004242,64.7885509,404,2168,8290.0,12721,3637,4841.15009638,3.5259857,0.3218091741251705,1.0099632761752475
2017-11-22T08:21:32.93,0.0004242,0.00042557,0.0004242,64.7908039,403,2169,8290.0,12721,3636,4832.55474133,3.5166180000000002,0.2987613815410121,1.358936908977796
2017-11-22T08:21:45.583,0.0004242,0.00042557,0.0004242,64.8138511,404,2169,8290.0,12705,3638,4832.24557214,3.5166180000000002,0.29876138154327403,1.3588691493604443
2017-11-22T08:21:45.583,0.0004242,0.00042557,0.0004242,64.8138511,404,2169,8291.0,12711,3639,4832.29199635,3.5170422,0.29876138154193993,1.3588663551494196
2017-11-22T08:21:45.583,0.0004242,0.00042557,0.0004242,64.8138511,404,2169,8293.0,12712,3643,4831.86218582,3.5178906000000003,0.29876138154121273,1.3588663551494196
2017-11-22T08:21:45.583,0.0004242,0.00042557,0.0004242,64.8138511,404,2169,8285.03524436,12718,3640,4829.63640172,3.5145119506575124,0.2987613815410927,1.3588663551494196
2017-11-22T08:21:45.583,0.0004242,0.00042557,0.0004242,64.8138511,404,2169,8285.03524436,12729,3645,4829.80568621,3.5145119506575124,0.6143621050904683,1.3588663551494196
2017-11-22T08:24:49.167,0.00042557,0.00042558,0.0004242,64.91892426,392,2168,8285.03524436,12731,3643,4828.66954461,3.5258624489422856,0.5049707278562138,2.345685722290254
2017-11-22T08:25:20.173,0.00042558,0.00042558,0.0004242,65.12756488,309,2168,8293.2,12732,3646,4827.97833376,3.529420056,0.5049707278573091,2.1592379185009607
2017-11-22T08:25:20.173,0.00042558,0.00042558,0.0004242,65.12756488,309,2168,8293.0,12730,3648,4828.65347253,3.52933494,0.5049707278590125,2.1592379185009607
2017-11-22T08:25:20.173,0.00042558,0.00042558,0.0004242,65.12756488,309,2168,8297.0,12711,3647,4830.14001266,3.53103726,0.5049707278571209,2.1592379185009607
2017-11-22T08:25:20.173,0.00042558,0.00042558,0.0004242,65.12756488,309,2168,8280.0,12695,3654,4831.33344516,3.5238024,0.5049710016847284,2.1592379185009607
2017-11-22T08:25:20.173,0.00042558,0.00042558,0.0004242,65.12756488,309,2168,8280.0,12704,3652,4831.21285115,3.5238024,0.4424022616611962,2.1592379185009607
2017-11-22T08:25:20.173,0.00042558,0.00042558,0.0004242,65.12756488,309,2168,8269.26009007,12711,3654,4828.16317125,3.5192317091319905,0.44240226166113106,2.1592379185009607
2017-11-22T08:25:20.173,0.00042558,0.00042558,0.0004242,65.12756488,309,2168,8265.0,12704,3659,4825.09472449,3.5174187,0.44240226166113106,2.1592379185009607
2017-11-22T08:25:20.173,0.00042558,0.00042558,0.0004242,65.12756488,309,2168,8265.0,12705,3662,4823.44021816,3.5174187,0.31765290668179963,2.159231980802533
2017-11-22T08:25:20.173,0.00042558,0.00042558,0.0004242,65.12756488,309,2168,8260.10000001,12694,3661,4823.33054923,3.5153333580042556,0.31765290668295354,2.1591701588836094
2017-11-22T08:29:34.783,0.00042558,0.0004256,0.00042558,65.12186607,406,2168,8250.0,12676,3665,4826.80573488,3.511035,0.35613306101319947,2.1958715821543984
2017-11-22T08:29:34.36,0.00042558,0.0004256,0.00042558,65.12186607,406,2168,8265.26009007,12676,3661,4828.49488654,3.5175293891319908,0.3124140766494636,2.1958806633402292
2017-11-22T08:30:34.407,0.0004256,0.0004256,0.00042558,65.19169107,405,2168,8255.0,12678,3666,4827.95696793,3.513328,0.3429853269793725,2.1260584575512538
2017-11-22T08:31:24.83,0.0004256,0.0004256,0.00042558,64.85596373,405,2167,8255.0,12675,3662,4828.17066143,3.513328,0.3892378021176218,2.095487207227318
2017-11-22T08:31:24.83,0.0004256,0.0004256,0.00042558,64.85596373,405,2167,8265.26,12698,3654,4826.98682917,3.517694656,0.3124140766518419,2.095487207227318
2017-11-22T08:31:24.83,0.0004256,0.0004256,0.00042558,64.85596373,405,2167,8265.26009007,12700,3655,4826.72257383,3.517694694333792,0.3124140766518419,2.095487207227318
2017-11-22T08:31:24.83,0.0004256,0.0004256,0.00042558,64.85596373,405,2167,8260.0,12713,3654,4825.95916425,3.515456,0.3124140766524555,2.095487207227318
2017-11-22T08:31:24.83,0.0004256,0.0004256,0.00042558,64.85596373,405,2167,8260.0,12706,3661,4826.05916425,3.515456,0.3124140766494761,2.095487207227318
2017-11-22T08:31:24.83,0.0004256,0.0004256,0.00042558,64.85596373,405,2167,8256.0,12713,3660,4824.01918267,3.5137536,0.3124140766513131,2.103999207227318
2017-11-22T08:31:24.83,0.0004256,0.0004256,0.00042558,64.85596373,405,2167,8260.0,12729,3659,4823.54599682,3.515456,0.3124140766495575,2.103999207227318
2017-11-22T08:31:24.83,0.0004256,0.0004256,0.00042558,64.85596373,405,2167,8260.0,12729,3659,4825.28416049,3.515456,0.3124140766484142,2.103999207227318
2017-11-22T08:35:51.52,0.00042577,0.00042577,0.0004242,64.90473935,407,2167,8260.0,12718,3657,4812.19519409,3.5168602,0.27393403861817933,2.3836939749537343
2017-11-22T08:36:23.607,0.00042577,0.00042576,0.0004242,64.90473935,407,2167,8265.26009007,12718,3654,4810.7954123,3.519099788549104,0.2778576917422371,2.3836017659899156
2017-11-22T08:36:41.227,0.00042576,0.00042577,0.00042576,64.91961014,407,2167,8265.26009007,12730,3659,4811.69134293,3.519017135948203,0.3174183109290437,2.375962747011514
2017-11-22T08:36:41.227,0.00042576,0.00042577,0.00042576,64.91961014,407,2167,8279.0,12733,3658,4811.7968101,3.52486704,0.4075526909786867,2.375962747011514
2017-11-22T08:36:40.087,0.00042576,0.00042577,0.00042576,64.91961014,407,2167,8269.26009007,12724,3655,4812.16740049,3.5207201759482034,0.45889629027733597,2.375962747011514
2017-11-22T08:36:40.087,0.00042576,0.00042577,0.00042576,64.91961014,407,2167,8271.0,12731,3660,4810.62135233,3.52146096,0.4588962902795837,2.375962747011514
2017-11-22T08:36:40.087,0.00042576,0.00042577,0.00042576,64.91961014,407,2167,8271.0,12736,3661,4811.44527313,3.52146096,0.3573568059679952,2.375962747011514
2017-11-22T08:36:40.087,0.00042576,0.00042577,0.00042576,64.91961014,407,2167,8271.0,12736,3661,4811.44527313,3.52146096,0.4096512049072307,2.375962747011514
2017-11-22T08:39:43.927,0.00042577,0.00042577,0.00042576,64.96830122,321,2167,8280.0,12753,3657,4811.10235173,3.5253756000000003,0.4096815919520446,2.324619147710054
2017-11-22T08:40:20.34,0.00042576,0.00042577,0.0004242,65.07351548,316,2166,8273.0,12743,3660,4810.79678892,3.52231248,0.3097195545677732,2.324619147710054
2017-11-22T08:40:20.34,0.00042576,0.00042577,0.0004242,65.07351548,316,2166,8280.0,12738,3661,4810.26563921,3.5252928000000003,0.3096710051517644,2.5528856392570702
2017-11-22T08:41:20.57,0.00042576,0.00042576,0.0004242,65.07351548,316,2166,8279.87831889,12734,3667,4810.05235687,3.5252409930506063,0.30967100515293944,2.3448611469828213
2017-11-22T08:41:20.57,0.00042576,0.00042576,0.0004242,65.07351548,316,2166,8280.0,12750,3666,4809.47344238,3.5252928000000003,0.30967100515474294,2.3448611469828213
2017-11-22T08:41:20.57,0.00042576,0.00042576,0.0004242,65.07351548,316,2166,8280.0,12743,3667,4801.57868467,3.5252928000000003,0.30967100515296425,2.3448611469828213
2017-11-22T08:41:20.57,0.00042576,0.00042576,0.0004242,65.07351548,316,2166,8296.99999999,12750,3651,4801.81796256,3.532530719995742,0.30967100515181434,2.3448611469828213
2017-11-22T08:41:20.57,0.00042576,0.00042576,0.0004242,65.07351548,316,2166,8297.999998,12743,3649,4801.89132385,3.53295647914848,0.29161600357835504,2.3448611469828213
2017-11-22T08:44:11.52,0.00042576,0.00042576,0.00042424,65.07351548,316,2166,8300.0,12740,3593,4802.22259012,3.533808,0.30967100515322604,2.3448611469828213
2017-11-22T08:44:11.52,0.00042576,0.00042576,0.00042424,65.07351548,316,2166,8280.0,12741,3601,4803.32892252,3.5252928000000003,0.30967100515396434,2.3448611469828213
2017-11-22T08:44:11.52,0.00042576,0.00042576,0.00042424,65.07351548,316,2166,8280.0,12744,3604,4803.15526109,3.5252928000000003,0.30967100515396434,2.3448611469828213
2017-11-22T08:44:11.52,0.00042576,0.00042576,0.00042424,65.07351548,316,2166,8293.0,12752,3602,4800.47086675,3.5308276800000002,0.30967100515533263,2.3448611469828213
2017-11-22T08:44:10.597,0.00042576,0.00042576,0.00042424,65.07351548,316,2166,8293.0,12755,3605,4800.00112992,3.5308276800000002,0.30967100515311974,2.3448611469828213
2017-11-22T08:44:11.52,0.00042576,0.00042576,0.00042424,65.07351548,316,2166,8292.0,12753,3608,4801.21834093,3.53040192,0.3052625544557489,2.3448611469828213
2017-11-22T08:44:11.52,0.00042576,0.00042576,0.00042424,65.07351548,316,2166,8292.0,12754,3609,4801.26445025,3.53040192,0.3052625544547972,2.3448611469828213
2017-11-22T08:44:11.52,0.00042576,0.00042576,0.00042424,65.07351548,316,2166,8287.0,12757,3614,4800.8998197,3.52827312,0.3052625544544765,2.3448611469828213
2017-11-22T08:44:11.52,0.00042576,0.00042576,0.00042424,65.07351548,316,2166,8287.0,12762,3623,4800.5051135,3.52827312,0.3052625544547871,2.3448611469828213
2017-11-22T08:44:11.52,0.00042576,0.00042576,0.00042424,65.07351548,316,2166,8285.0,12764,3625,4798.21036475,3.5274216000000003,0.30526255445572925,2.3448611469828213
2017-11-22T08:44:11.52,0.00042576,0.00042576,0.00042424,65.07351548,316,2166,8280.0,12750,3630,4792.31625314,3.5252928000000003,0.30526255445572925,2.3448611469828213
2017-11-22T08:44:11.52,0.00042576,0.00042576,0.00042424,65.07351548,316,2166,8280.0,12750,3626,4792.7266453,3.5252928000000003,0.30526255445309125,2.3646718370965796
2017-11-22T08:44:10.597,0.00042576,0.00042576,0.00042424,65.07351548,316,2166,8280.0,12761,3625,4787.65786301,3.5252928000000003,0.3052625544552975,2.3646718370965796
2017-11-22T08:44:11.52,0.00042576,0.00042576,0.00042424,65.07351548,316,2166,8285.0,12759,3626,4788.54291308,3.5274216000000003,0.3052625544539239,2.36660508182021
2017-11-22T08:44:11.52,0.00042576,0.00042576,0.00042424,65.07351548,316,2166,8280.0,12747,3626,4786.52368448,3.5252928000000003,0.30526255445318284,2.36660508182021
2017-11-22T08:44:11.52,0.00042576,0.00042576,0.00042424,65.07351548,316,2166,8285.0,12748,3625,4784.75358687,3.5274216000000003,0.3052625544530748,2.36660508182021
2017-11-22T08:44:11.52,0.00042576,0.00042576,0.00042424,65.07351548,316,2166,8280.0,12760,3629,4786.85293115,3.5252928000000003,0.30526255445359984,2.5055915956274135
2017-11-22T08:53:04.62,0.00042424,0.00042576,0.0004242,64.80263327,349,2163,8280.0,12756,3626,4784.8184473,3.5127072,0.2916212944799961,2.5597062442762932
2017-11-22T08:53:04.62,0.00042424,0.00042576,0.0004242,64.80263327,349,2163,8280.0,12745,3623,4780.80288266,3.5127072,0.2916212944817885,2.5597062442762932
2017-11-22T08:53:02.467,0.00042424,0.00042576,0.0004242,64.80263327,349,2163,8284.0,12746,3629,4775.55228608,3.5144041599999998,0.2916212944817885,2.5597062442762932
2017-11-22T08:53:04.62,0.00042424,0.00042576,0.0004242,64.80263327,349,2163,8284.0,12754,3630,4775.57336013,3.5144041599999998,0.29162129448000207,2.5597062442762932
2017-11-22T08:53:04.62,0.00042424,0.00042576,0.0004242,64.80263327,349,2163,8282.0,12751,3631,4774.92423236,3.51355568,0.2916212944788499,2.5597062442762932
2017-11-22T08:53:03.28,0.00042424,0.00042576,0.0004242,64.80263327,349,2163,8284.0,12740,3632,4767.18640446,3.5144041599999998,0.2916212944783322,2.5597062442762932
2017-11-22T08:55:55.02,0.00042424,0.00042576,0.000425,64.80263327,349,2163,8285.0,12749,3630,4760.50192435,3.5148284,0.3283112944784493,2.5597062442762932
2017-11-22T08:56:45.12,0.000425,0.00042576,0.000425,64.80378465,394,2164,8285.0,12748,3631,4762.43902378,3.5211249999999996,0.32661129447920145,2.3989757956317015
2017-11-22T08:57:03.27,0.000425,0.00042424,0.0004242,64.84383508,407,2164,8285.0,12748,3630,4762.90518662,3.5211249999999996,0.2916034813865448,2.475406382682109
2017-11-22T08:57:02.003,0.000425,0.00042424,0.0004242,64.84383508,407,2164,8285.0,12750,3631,4760.71331684,3.5211249999999996,0.3684189788022793,2.475406382682109
2017-11-22T08:57:02.003,0.000425,0.00042424,0.0004242,64.84383508,407,2164,8285.0,12744,3627,4758.77155714,3.5211249999999996,0.2915947494769693,2.475406382682109
2017-11-22T08:57:03.27,0.000425,0.00042424,0.0004242,64.84383508,407,2164,8282.0,12741,3628,4755.17800329,3.51985,0.2915947494731822,2.475406382682109
2017-11-22T08:57:02.003,0.000425,0.00042424,0.0004242,64.84383508,407,2164,8282.0,12751,3632,4752.64771378,3.51985,0.2915947494741903,2.475406382682109
2017-11-22T08:57:03.27,0.000425,0.00042424,0.0004242,64.84383508,407,2164,8280.0001,12750,3631,4752.90763685,3.5190000424999996,0.2915947494757951,2.475406382682109
2017-11-22T08:57:02.003,0.000425,0.00042424,0.0004242,64.84383508,407,2164,8282.0,12738,3630,4752.9487807,3.51985,0.3684189788022793,2.475406382682109
2017-11-22T08:57:03.27,0.000425,0.00042424,0.0004242,64.84383508,407,2164,8290.0,12741,3626,4752.78914905,3.52325,0.2915947494769693,2.475406382682109
2017-11-22T09:01:27.02,0.00042424,0.00042424,0.0004242,64.83790417,405,2166,8287.0,12750,3630,4748.80555109,3.51567688,0.2915947494731822,2.4746938811899333
2017-11-22T09:01:27.02,0.00042424,0.00042424,0.0004242,64.83790417,405,2166,8287.0,12749,3631,4748.53953804,3.51567688,0.2915947494731822,2.4746938811899333
2017-11-22T09:01:27.02,0.00042424,0.00042424,0.0004242,64.83790417,405,2166,8290.0,12740,3625,4748.77385092,3.5169496,0.2915947494741903,2.4746938811899333
2017-11-22T09:01:27.02,0.00042424,0.00042424,0.0004242,64.83790417,405,2166,8290.1,12740,3630,4750.6610327,3.516992024,0.2915947494757951,2.4746938811899333
2017-11-22T09:03:13.16,0.00042424,0.00042576,0.0004242,64.93382125,408,2165,8290.1,12748,3635,4749.40971342,3.516992024,0.29162129447815577,2.3989757956317015
2017-11-22T09:03:51.627,0.00042576,0.00042577,0.0004242,65.01703875,408,2163,8293.0,12748,3631,4743.4415424,3.5308276800000002,0.29162129448040347,2.5627042879059503
2017-11-22T09:03:51.627,0.00042576,0.00042577,0.0004242,65.01703875,408,2163,8294.0,12741,3628,4742.48691174,3.53125344,0.2916213281790679,2.5627042879059503
2017-11-22T09:03:51.627,0.00042576,0.00042577,0.0004242,65.01703875,408,2163,8295.0,12737,3631,4740.02895287,3.5316792,0.2916213281783596,2.5627042879059503
2017-11-22T09:03:51.627,0.00042576,0.00042577,0.0004242,65.01703875,408,2163,8290.0,12745,3631,4739.53236347,3.5295504,0.29162132817827885,2.5627042879059503
2017-11-22T09:03:51.627,0.00042576,0.00042577,0.0004242,65.01703875,408,2163,8294.0,12748,3620,4740.79312663,3.53125344,0.36844609990046373,2.5627042879059503
2017-11-22T09:03:51.627,0.00042576,0.00042577,0.0004242,65.01703875,408,2163,8294.0,12739,3612,4741.28192809,3.53125344,0.29162132817882586,2.5627042879059503
2017-11-22T09:03:51.627,0.00042576,0.00042577,0.0004242,65.01703875,408,2163,8299.0,12738,3614,4736.72336944,3.5333822400000003,0.2916213281800009,2.5627042879059503
2017-11-22T09:03:51.627,0.00042576,0.00042577,0.0004242,65.01703875,408,2163,8299.0,12742,3617,4721.17570771,3.5333822400000003,0.2916213281818044,2.5627042879059503
2017-11-22T09:08:04.347,0.00042576,0.00042576,0.0004242,65.01703875,408,2163,8300.00000001,12744,3571,4732.91860621,3.533808000004258,0.29162132818002573,2.32001589053145
2017-11-22T09:08:04.347,0.00042576,0.00042576,0.0004242,65.01703875,408,2163,8300.00000001,12737,3573,4732.04551206,3.533808000004258,0.2916213281788758,2.32001589053145
2017-11-22T09:09:20.3,0.0004242,0.0004242,0.000421,64.81725931,305,2165,8282.0,12722,3579,4735.51762781,3.5132244,0.3516718705712635,2.0534416216974
2017-11-22T09:09:53.583,0.0004202,0.0004242,0.0004202,64.81151454,302,2165,8300.003,12733,3577,4733.39021956,3.4876612606000004,0.5236446614977631,2.0304224738644887
2017-11-22T09:10:16.59,0.0004202,0.0004242,0.0004202,64.89455455,302,2165,8282.0,12728,3573,4731.62683899,3.4800964000000003,0.4396033340116683,2.0304039622164494
2017-11-22T09:10:16.59,0.0004202,0.0004242,0.0004202,64.89455455,302,2165,8290.003,12735,3579,4730.29236094,3.4834592606000006,0.439603569914723,2.11234569125291
2017-11-22T09:10:15.713,0.0004202,0.0004242,0.0004202,64.89455455,302,2165,8290.003,12729,3576,4720.92110295,3.4834592606000006,0.041948299704480295,2.0864178140961704
2017-11-22T09:10:16.59,0.0004202,0.0004242,0.0004202,64.89455455,302,2165,8300.0,12731,3576,4721.83720408,3.48766,0.04194829970630699,2.0864178140961704
2017-11-22T09:10:16.59,0.0004202,0.0004242,0.0004202,64.89455455,302,2165,8306.0,12724,3557,4722.59311108,3.4901812000000003,0.041948299704463295,2.0864178140961704
2017-11-22T09:10:16.59,0.0004202,0.0004242,0.0004202,64.89455455,302,2165,8300.0,12712,3566,4707.32297988,3.48766,0.0419482997072694,2.0864178140961704
2017-11-22T09:10:15.713,0.0004202,0.0004242,0.0004202,64.89455455,302,2165,8291.7,12723,3567,4707.20516206,3.4841723400000006,0.0419482997064055,2.0864178140961704
2017-11-22T09:14:13.84,0.00039114,0.00040971,0.00039415,66.61655464,368,2173,8283.00000001,12737,3568,4705.52935772,3.239812620003912,0.7949095586991987,0.7022678339575598
2017-11-22T09:14:45.983,0.00039114,0.00040961,0.00039436,66.61655464,368,2173,8283.00000001,12743,3567,4706.1047449,3.239812620003912,1.311540074168685,0.7218683917591833
2017-11-22T09:15:17.643,0.00039114,0.00040952,0.00039476,66.61655464,368,2173,8308.91124242,12748,3554,4707.12068156,3.2499475433601583,1.134726733404754,0.5015203778078343
2017-11-22T09:15:49.77,0.00040951,0.00040949,0.00039515,66.6215546,386,2179,8290.0,12707,3558,4706.15129916,3.3948378999999997,1.0179837676197716,0.7211537257358395
2017-11-22T09:16:19.883,0.00040949,0.00040499,0.0003954,66.63655459,393,2179,8290.0,12715,3557,4706.61382991,3.3946720999999997,0.9289462424668906,0.501397922903067
2017-11-22T09:16:46.67,0.00040497,0.00040497,0.0004,66.63725455,379,2179,8290.0,12760,3563,4706.38739457,3.3572013,0.49311817206964165,0.5000642313018432
2017-11-22T09:17:13.863,0.00040497,0.000405,0.00040497,66.63863452,375,2177,8290.0,12766,3562,4705.88889351,3.3572013,0.22586781949661813,0.828214739715669
2017-11-22T09:17:46.15,0.000405,0.000405,0.00040497,66.6515259,376,2177,8290.0,12759,3568,4706.04991935,3.3574499999999996,0.18470858184884031,0.8194147397204189
2017-11-22T09:17:46.15,0.000405,0.000405,0.00040497,66.6515259,376,2177,8290.0,12761,3566,4703.81887918,3.3574499999999996,0.41085577632696024,0.8194150889967969
2017-11-22T09:18:46.173,0.000405,0.000405,0.00040497,66.65207044,375,2177,8290.00000001,12775,3563,4703.4502615,3.35745000000405,0.4111758690489766,0.8184171846560656
2017-11-22T09:19:03.013,0.000405,0.000405,0.00040497,66.65307043,376,2177,8298.11169297,12781,3567,4703.52563353,3.3607352356528497,0.3331699224306788,0.8194421846570655
2017-11-22T09:19:57.853,0.000405,0.00040976,0.000405,66.65950003,375,2175,8298.11169298,12777,3565,4703.14875378,3.3607352356568994,0.5135246298420545,1.2835068507165568
2017-11-22T09:20:05.6,0.00040976,0.00040976,0.00040771,66.66050002,375,2175,8298.11169298,12765,3572,4702.66730733,3.4002342473154843,0.5157086204572674,1.2211979009951246
2017-11-22T09:20:03.38,0.00040976,0.00040976,0.00040771,66.66050002,375,2175,8290.0,12764,3576,4702.75676671,3.3969104,0.5157086204569231,1.2211979009951246
2017-11-22T09:20:05.6,0.00040976,0.00040976,0.00040771,66.66050002,375,2175,8290.0,12775,3580,4701.4818603,3.3969104,0.5157086204568787,0.15630667793032912
2017-11-22T09:22:01.183,0.000407,0.000407,0.000405,66.6470683,320,2205,8290.0,12778,3587,4701.09547255,3.3740300000000003,0.559599314995516,0.5543435808612839
2017-11-22T09:22:32.19,0.000407,0.00040976,0.000405,66.6470683,320,2205,8290.0,12774,3584,4698.55595964,3.3740300000000003,0.559599314997844,0.21535070382142474
2017-11-22T09:22:51.73,0.000407,0.00040976,0.00040501,66.6470683,320,2205,8296.09385846,12776,3585,4698.70895074,3.3765102003932204,0.5595993149995552,0.440467128366683
2017-11-22T09:23:20.83,0.000407,0.00040976,0.00040502,66.6470683,320,2205,8296.0938584,12784,3584,4697.96893553,3.3765102003688,0.5595993149992109,0.4404667790903049
2017-11-22T09:24:03.267,0.00040997,0.00040997,0.00040976,66.63644385,299,2204,8296.09385846,12787,3585,4697.70731336,3.4011495991528466,0.5582028764814966,0.4328880292283467
2017-11-22T09:24:03.267,0.00040997,0.00040997,0.00040976,66.63644385,299,2204,8300.0,12774,3574,4698.49405539,3.402751,0.563459500376231,0.4609743991587236
2017-11-22T09:24:50.86,0.00040997,0.00040996,0.00040976,66.63644385,299,2204,8300.0,12774,3575,4697.77486507,3.402751,0.36345931932244907,0.5193034107744555
2017-11-22T09:24:49.05,0.00040997,0.00040996,0.00040976,66.63644385,299,2204,8290.00000001,12779,3571,4697.15890733,3.3986513000041,0.3634593193195566,0.5193034107744555
2017-11-22T09:26:18.503,0.00040997,0.00040996,0.00040977,66.63644385,299,2204,8299.0,12784,3572,4694.36281207,3.40234103,0.6625814682923066,0.5193044586035898
2017-11-22T09:26:50.46,0.00040977,0.00040999,0.00040977,67.29644065,396,2201,8299.0,12777,3572,4693.26408237,3.40068123,0.4472438848714214,0.19385229733066128
2017-11-22T09:26:49.727,0.00040977,0.00040999,0.00040977,67.29644065,396,2201,8299.0,12779,3571,4693.69450494,3.40068123,0.4472438848731827,0.19385264660703938
2017-11-22T09:26:50.46,0.00040977,0.00040999,0.00040977,67.29644065,396,2201,8299.0,12784,3573,4692.34057052,3.40068123,0.4472446898584068,0.20752051393001944
2017-11-22T09:26:49.197,0.00040977,0.00040999,0.00040977,67.29644065,396,2201,8290.00000001,12784,3575,4691.95874828,3.396993300004098,0.44724468985672117,0.20752051393001944
2017-11-22T09:28:51.737,0.00040999,0.00040999,0.00040977,67.29744064,392,2201,8300.0,12782,3570,4693.74635087,3.402917,0.44724468985938903,0.20652051393005824
2017-11-22T09:29:17.523,0.00040977,0.00040999,0.00040977,67.30212788,392,2201,8290.00000001,12772,3570,4691.68782923,3.396993300004098,0.44255744320773105,0.20652540379935164
2017-11-22T09:29:17.523,0.00040977,0.00040999,0.00040977,67.30212788,392,2201,8290.0,12769,3571,4692.92289046,3.3969933,0.44255744320695356,0.20652051393005824
2017-11-22T09:29:17.523,0.00040977,0.00040999,0.00040977,67.30212788,392,2201,8283.00000001,12765,3576,4692.66610521,3.394124910004098,0.44255744320695356,0.20652051393005824
2017-11-22T09:29:17.523,0.00040977,0.00040999,0.00040977,67.30212788,392,2201,8282.0,12756,3576,4693.18656321,3.39371514,0.4425574432064794,0.20652051393005824
2017-11-22T09:29:17.523,0.00040977,0.00040999,0.00040977,67.30212788,392,2201,8300.0,12757,3574,4686.5069519,3.401091,0.4450034030548312,0.20652051393005824
2017-11-22T09:31:35.123,0.00040977,0.00040999,0.00040977,67.30646355,395,2202,8300.0,12767,3577,4684.49806899,3.401091,0.44066772467326465,0.20652051393005824
2017-11-22T09:31:35.123,0.00040977,0.00040999,0.00040977,67.30646355,395,2202,8297.51462861,12771,3577,4685.80831139,3.40007256936552,0.4406677246737022,0.20652051393005824
2017-11-22T09:31:35.123,0.00040977,0.00040999,0.00040977,67.30646355,395,2202,8297.51462861,12771,3577,4684.5096341,3.40007256936552,0.44066772467444415,0.20652051393005824
2017-11-22T09:33:20.09,0.00040977,0.00040999,0.00040977,67.31168045,393,2204,8300.0,12763,3582,4684.95110227,3.401091,0.3948172975815552,0.20652051393005824
2017-11-22T09:33:20.09,0.00040977,0.00040999,0.00040977,67.31168045,393,2204,8297.51462861,12760,3583,4685.63850875,3.40007256936552,0.4373748087650392,0.20652051393005824
2017-11-22T09:34:15.263,0.00040977,0.00040977,0.00040976,67.39172775,392,2206,8290.0,12769,3582,4685.9172568,3.3969933,0.36040350041703917,0.25139510673480475
2017-11-22T09:34:53.767,0.00040977,0.00040999,0.00040976,67.39172775,392,2206,8279.87831889,12763,3583,4688.52716217,3.3928457387315554,0.3604035004146442,0.2168901964600062
2017-11-22T09:35:31.99,0.00040977,0.00040977,0.00040976,67.39602414,385,2206,8279.0,12750,3575,4688.92308101,3.39248583,0.36040350041660707,0.25728917175482885
2017-11-22T09:35:31.99,0.00040977,0.00040977,0.00040976,67.39602414,385,2206,8283.1,12749,3577,4689.68163132,3.394165887,0.3167649785331224,0.25728917175482885
2017-11-22T09:36:37.377,0.00040977,0.00040977,0.00040976,67.39684368,300,2204,8266.0,12763,3580,4688.75472692,3.3871588200000002,0.2808025020774505,0.2564696317548289
2017-11-22T09:37:17.82,0.00040977,0.00040999,0.00040976,67.39684368,300,2204,8266.0,12763,3581,4688.68313797,3.3871588200000002,0.28080250208033214,0.2168898471836281
2017-11-22T09:37:47.093,0.00040975,0.00040975,0.00040527,67.40302189,297,2204,8279.84697989,12752,3582,4691.12407464,3.392667300009928,0.28150394059811873,0.2502898028217417
2017-11-22T09:38:21.647,0.00040975,0.00040999,0.00040528,67.40802084,296,2204,8267.0,12752,3580,4692.04726956,3.38740325,0.21905079528736954,0.2168898471836281
2017-11-22T09:38:32.127,0.00040975,0.0004097,0.00040528,67.40802084,296,2204,8267.0,12753,3582,4691.31087506,3.38740325,0.8254959510661344,0.2452869375484131
2017-11-22T09:39:11.147,0.00040975,0.00040999,0.00040529,67.40802084,296,2204,8267.0,12769,3585,4690.73560729,3.38740325,0.82727196176224,0.2168901964600062
2017-11-22T09:39:41.92,0.00040975,0.00040965,0.00040531,67.40802084,296,2204,8267.0,12755,3587,4690.29348491,3.38740325,0.8222418406076145,0.2452833715514626
2017-11-22T09:40:16.113,0.00040975,0.00040965,0.00040533,67.40802084,296,2204,8249.0297,12737,3591,4692.03409752,3.3800399195749997,0.8222419270262747,0.2452833715514626
2017-11-22T09:40:50.323,0.00040975,0.00040965,0.00040535,67.40802084,296,2204,8250.0,12752,3587,4690.66084187,3.3804375,0.27420888960296025,0.2452833715514626
2017-11-22T09:41:31.123,0.00040975,0.00040965,0.00040537,67.40802084,296,2204,8250.0,12736,3587,4692.51756691,3.3804375,0.2742089760200371,0.2452833715514626
2017-11-22T09:42:01.693,0.00040975,0.00040965,0.00040538,67.40802084,296,2204,8267.0,12744,3589,4692.54838944,3.38740325,0.27420897602073147,0.2452833715514626
2017-11-22T09:42:05.13,0.00040975,0.00040965,0.00040539,67.40802084,296,2204,8267.0,12738,3591,4691.40033595,3.38740325,0.27420906243835225,0.2452833715514626
2017-11-22T09:42:44.713,0.00040975,0.00040965,0.00040541,67.40802084,296,2204,8253.37766252,12735,3590,4691.65792291,3.38182149721757,0.27420914885790826,0.22560606019907462
2017-11-22T09:43:19.987,0.00040975,0.00040964,0.00040543,67.40802084,296,2204,8253.37766252,12749,3597,4689.41918658,3.38182149721757,0.27420923527465324,0.22554717394018392
2017-11-22T09:43:52.837,0.00040975,0.00040964,0.00040545,67.40802084,296,2204,8253.37766252,12746,3594,4687.82789607,3.38182149721757,0.27420932169264345,0.2255401884126219
2017-11-22T09:44:31.78,0.00040975,0.00040964,0.00040547,67.40802084,296,2204,8249.0,12734,3597,4688.25524416,3.38002775,0.27420940811188127,0.2255401884126219
2017-11-22T09:45:05.1,0.00040975,0.00040964,0.00040549,67.40802084,296,2204,8249.0,12728,3600,4688.33121832,3.38002775,0.2742094945283143,0.2255401884126219
2017-11-22T09:45:05.1,0.00040975,0.00040964,0.00040549,67.40802084,296,2204,8249.0,12738,3604,4688.26941617,3.38002775,0.27164849503850225,0.2255401884126219
2017-11-22T09:45:57.747,0.00040975,0.00040964,0.00040551,67.40802084,296,2204,8249.0,12739,3600,4688.2395765,3.38002775,0.2742095809459993,0.2255401884126219
2017-11-22T09:46:31.507,0.00040975,0.00040964,0.00040553,67.40802084,296,2204,8240.58796408,12726,3601,4686.44057219,3.37658091828178,0.2742096673608835,0.2656186860554897
2017-11-22T09:47:06,0.00040975,0.000409,0.00040501,67.40802084,296,2204,8240.0,12729,3599,4689.15539157,3.37634,0.2742074205030492,0.22549906959793692
2017-11-22T09:47:06,0.00040975,0.000409,0.00040501,67.40802084,296,2204,8232.0,12734,3600,4687.76797859,3.373062,0.27420742050554947,0.22549383045226543
2017-11-22T09:48:17.6,0.000405,0.00040963,0.00040501,66.31800772,386,2200,8231.00000001,12740,3598,4686.39313579,3.33355500000405,0.24583781320379872,0.1981103538873613
2017-11-22T09:48:34.26,0.00040963,0.00040964,0.00040963,66.31977768,387,2199,8233.0,12734,3600,4687.03883047,3.37248379,0.24439918270158328,0.2689328576157324
2017-11-22T09:48:55.013,0.00040963,0.00040964,0.00040504,66.31977768,387,2199,8233.0,12731,3595,4688.94562899,3.37248379,0.24451120746102759,0.27990948484945377
2017-11-22T09:49:28.307,0.00040963,0.00040964,0.00040506,66.31977768,387,2199,8234.0,12748,3594,4688.91810759,3.37289342,0.2470722933682275,0.27990948484945377
2017-11-22T09:50:06.16,0.00040963,0.00040964,0.00040508,66.31977768,387,2199,8257.07,12751,3592,4688.35601519,3.3823435841,0.2470723797838113,0.27990948484945377
2017-11-22T09:50:45.793,0.00040963,0.00040964,0.0004051,66.31977768,387,2199,8240.0,12750,3594,4687.26996178,3.3753512000000003,0.24707247788190861,0.27990948484945377
2017-11-22T09:51:19.43,0.00040963,0.00040964,0.00040512,66.31977768,387,2199,8257.07,12744,3596,4686.72481806,3.3823435841,0.2470725642958543,0.27990948484945377
2017-11-22T09:52:01.58,0.00040513,0.00040964,0.00040513,66.32200199,377,2206,8257.07,12741,3599,4684.01893448,3.3451867691,0.7144267099483669,0.27990948484945377
2017-11-22T09:52:34.683,0.00040513,0.00040963,0.00040516,66.32200199,377,2206,8242.00000001,12745,3603,4682.40994938,3.339081460004052,0.82619961718259,0.19864849111187863
2017-11-22T09:53:08.82,0.00040513,0.00040963,0.00040518,66.32200199,377,2206,8233.0,12729,3605,4684.13529808,3.33543529,0.8261996810309473,0.19864849111187863
2017-11-22T09:53:08.82,0.00040513,0.00040963,0.00040518,66.32200199,377,2206,8234.0,12720,3607,4684.37715882,3.3358404200000003,0.8261997448787783,0.19864849111187863
2017-11-22T09:53:42.367,0.00040513,0.00040963,0.0004052,66.32200199,377,2206,8235.0,12722,3606,4683.59596577,3.33624555,0.7941760348025049,0.19864849111187863
2017-11-22T09:54:41.287,0.00040521,0.0004052,0.000405,66.32239807,322,2205,8233.0000002,12727,3612,4686.65971099,3.3360939300810415,0.7227512803011301,1.016325468964529
2017-11-22T09:55:00.743,0.0004052,0.00040519,0.000405,66.32389799,355,2205,8235.0,12744,3610,4686.61170007,3.3368219999999997,0.24332396459002098,1.0319966043397204
2017-11-22T09:56:14.907,0.0004052,0.00040515,0.000405,66.32389799,355,2205,8256.069,12722,3608,4684.97370213,3.3453591587999996,0.24332396459002098,1.0319961482191808
2017-11-22T09:56:49.403,0.0004052,0.00040513,0.000405,66.32389799,355,2205,8234.0,12738,3610,4684.11131656,3.3364168,0.24332396459002098,1.031995920158911
2017-11-22T09:57:18.217,0.00040513,0.00040513,0.000405,66.32519628,381,2206,8256.069,12744,3604,4684.21821102,3.34478123397,0.24332396459002098,0.9611283006867665
2017-11-22T09:57:22.043,0.00040513,0.00040512,0.000405,66.32519628,381,2206,8258.30262091,12744,3602,4684.31323153,3.345686140809269,0.24332551160895877,1.0304498668398763
2017-11-22T09:58:10.987,0.00040511,0.00040521,0.00040512,66.3270693,383,2203,8266.0,12737,3605,4685.40851322,3.3486392599999997,0.1702492798133826,1.0281980070557835
2017-11-22T09:58:10.987,0.00040511,0.00040521,0.00040512,66.3270693,383,2203,8260.0,12744,3603,4685.42810643,3.3462085999999998,0.1727822071064021,1.0281980070557835
2017-11-22T09:58:10.987,0.00040511,0.00040521,0.00040512,66.3270693,383,2203,8275.0,12753,3601,4685.84996804,3.35228525,0.17278220710968298,1.0281980070557835
2017-11-22T09:58:10.987,0.00040511,0.00040521,0.00040512,66.3270693,383,2203,8279.0,12753,3600,4679.32726657,3.35390569,0.1727822071091393,1.0281980070557835
2017-11-22T10:00:18.543,0.00040521,0.00040521,0.00040512,66.33420418,385,2203,8266.0,12744,3599,4679.44057717,3.34946586,0.1727822071087714,1.0206980070558105
2017-11-22T10:00:56.96,0.00040521,0.00040522,0.00040512,66.33420418,385,2203,8279.0,12747,3595,4678.1725102,3.35473359,0.16638475838913597,1.0136079073673687
2017-11-22T10:01:21.357,0.000405,0.000405,0.00040497,66.46197735,384,2204,8266.00000001,12744,3599,4677.01875772,3.34773000000405,0.1255368194032086,0.8924813703848475
2017-11-22T10:01:50.95,0.000405,0.00040499,0.00040497,66.46197735,384,2204,8266.00000001,12740,3601,4677.00030125,3.34773000000405,0.1255368194032086,0.8924282803753764
2017-11-22T10:01:50.95,0.000405,0.00040499,0.00040497,66.46197735,384,2204,8266.0000001,12727,3605,4677.07141503,3.3477300000405,0.1255368194033699,0.8924282803753764
2017-11-22T10:03:02.6,0.00040497,0.00040522,0.00040497,66.47612703,384,2204,8279.0,12721,3604,4677.12256488,3.35274663,0.0461209869183774,0.23110596782337653
2017-11-22T10:03:34.663,0.00039194,0.00040267,0.00039338,66.58904606,377,2207,8289.79999999,12760,3596,4677.70598604,3.2491042119960807,1.3794646497614669,0.955290461701725
2017-11-22T10:04:05.49,0.00039194,0.00040266,0.00039371,66.58904606,377,2207,8279.001,12760,3595,4678.23249915,3.24487165194,1.7956128875042026,0.955272869985918
2017-11-22T10:04:38.757,0.00039194,0.00040265,0.00039384,66.58904606,377,2207,8274.5,12749,3593,4678.47396612,3.24310753,1.7449709064670351,0.9552727935001971
2017-11-22T10:05:05.713,0.00039194,0.00039876,0.00039415,66.58904606,377,2207,8274.5,12751,3599,4678.24052118,3.24310753,1.6067235403548146,0.8585419230610124
2017-11-22T10:05:40.413,0.0003942,0.00039876,0.00039438,66.60309897,379,2214,8258.30262091,12747,3599,4681.69964879,3.2554228931627223,1.6228266559609594,0.2312640552222065
2017-11-22T10:06:09.26,0.00039876,0.00040244,0.00039876,66.63429089,335,2211,8274.0,12763,3604,4681.09516704,3.2993402400000003,1.336674262352368,0.2317382453851853
2017-11-22T10:06:47.65,0.00039876,0.00040244,0.00039876,66.63530278,327,2210,8264.93059999,12753,3604,4683.56803845,3.295723726052013,1.3204201343882984,0.2312646786728348
2017-11-22T10:07:10.95,0.00039876,0.00040247,0.00040046,66.63530278,327,2210,8264.93059999,12751,3607,4683.10148351,3.295723726052013,1.303603366976476,0.2312649052897895
2017-11-22T10:07:40.217,0.00039876,0.00039876,0.00039845,66.64576986,292,2211,8259.0,12740,3608,4682.85624239,3.2933588400000002,1.3119837512422412,0.2603898626792141
2017-11-22T10:08:10.953,0.00039876,0.00040245,0.00039876,66.6754425,293,2209,8264.93059999,12742,3604,4682.38781873,3.295723726052013,1.4487199027429771,0.25534741543845424
2017-11-22T10:08:53.01,0.00039876,0.00040244,0.00039876,66.6754425,293,2209,8264.93059999,12740,3603,4682.30538227,3.295723726052013,1.4487277612240475,0.35451049244507415
2017-11-22T10:09:20.547,0.00039876,0.00040243,0.00039876,66.6754425,293,2209,8289.8,12729,3601,4681.72884864,3.305640648,1.4424752291248537,0.35229498015065375
2017-11-22T10:09:51.28,0.00039876,0.00040239,0.00039876,66.6754425,293,2209,8289.8,12731,3604,4680.0682495,3.305640648,1.4424752291254528,0.25534382653824794
2017-11-22T10:10:22.41,0.00039876,0.0004023,0.00039876,66.6754425,293,2209,8265.0,12740,3596,4680.6526915,3.2957514,1.446229770907521,0.23106630123723887
2017-11-22T10:10:58.813,0.00039876,0.00040229,0.00039876,66.6754425,293,2209,8293.99999999,12740,3597,4676.82324219,3.307315439996012,1.4388156891835842,0.3555354382116702
2017-11-22T10:11:24.897,0.00039876,0.00040224,0.00039876,66.6754425,293,2209,8267.0,12745,3593,4671.25154088,3.29654892,1.438823361675618,0.3555967825462706
2017-11-22T10:12:00.85,0.00039876,0.00040225,0.00039876,66.6754425,293,2209,8268.0,12758,3598,4662.40809105,3.29694768,1.445041940664754,0.3555944855223908
2017-11-22T10:12:23.51,0.00039876,0.00040222,0.00039876,66.6754425,293,2209,8291.99999998,12769,3602,4661.26252498,3.306517919992025,1.4450419406624593,0.3555929593155264
2017-11-22T10:12:56.31,0.00039876,0.00040225,0.00039876,66.6754425,293,2209,8291.99999998,12766,3597,4664.80818871,3.306517919992025,1.4450496131552983,0.3555950220088683
2017-11-22T10:13:28.03,0.00039876,0.00040219,0.00039876,66.6754425,293,2209,8270.0,12755,3595,4666.17383658,3.2977452,1.4450572856444575,0.3555912461169911
2017-11-22T10:13:58.873,0.00039876,0.00040215,0.00039876,66.6754425,293,2209,8291.0,12764,3580,4670.15417742,3.30611916,1.2450645662013275,0.35558849585920194
2017-11-22T10:14:34.33,0.00039876,0.00040208,0.00039876,66.6754425,293,2209,8299.0,12778,3580,4668.7897943,3.30930924,1.2450722386922382,0.35558299534362353
2017-11-22T10:15:05.987,0.00040207,0.00040228,0.00039876,66.67584714,386,2213,8291.0,12779,3588,4672.89947753,3.3335623699999997,1.2450799111819504,0.3541891047022102
2017-11-22T10:15:31.257,0.00040202,0.00040228,0.00039876,66.67636121,385,2212,8273.10599999,12769,3594,4666.61176003,3.3259540741159803,1.2450875836719424,0.3536743968556279
2017-11-22T10:15:55.357,0.00039876,0.00039876,0.00039845,66.68377324,384,2214,8278.9075,12772,3584,4668.93062674,3.3012971547,1.1111549010793387,0.3588613228218405
2017-11-22T10:15:57.09,0.00039876,0.00039876,0.00039845,66.68377324,384,2214,8279.0,12774,3582,4671.22303783,3.30133404,1.051154509147791,0.3588637692854867
2017-11-22T10:15:57.09,0.00039876,0.00039876,0.00039845,66.68377324,384,2214,8279.0,12784,3585,4670.60170366,3.30133404,1.0511545091465448,0.3588637692854867
2017-11-22T10:15:57.09,0.00039876,0.00039876,0.00039845,66.68377324,384,2214,8279.0,12773,3585,4668.62710698,3.30133404,1.1428810868670927,0.3303942876045879
2017-11-22T10:17:50.823,0.00039876,0.00040229,0.00039876,66.71306903,380,2211,8297.0,12772,3583,4668.75952538,3.3085117200000003,1.1412744082460173,0.3304229461787291
2017-11-22T10:17:50.823,0.00039876,0.00040229,0.00039876,66.71306903,380,2211,8279.0,12776,3585,4669.3563301,3.30133404,1.0035665360359052,0.3304236451683423
2017-11-22T10:17:50.823,0.00039876,0.00040229,0.00039876,66.71306903,380,2211,8296.0,12784,3586,4669.49971521,3.30811296,1.0289297915594553,0.3304236451683423
2017-11-22T10:17:50.823,0.00039876,0.00040229,0.00039876,66.71306903,380,2211,8290.0,12782,3589,4666.86102647,3.3057204000000002,0.9890537915593385,0.3304236451683423
2017-11-22T10:20:16.45,0.00040229,0.0004023,0.00040229,66.67480182,288,2211,8296.0,12771,3589,4670.79981607,3.3373978400000004,1.0208705312867372,0.3293404938269912
2017-11-22T10:20:16.45,0.00040229,0.0004023,0.00040229,66.67480182,288,2211,8295.0,12773,3590,4674.51824917,3.33699555,0.9218506023159065,0.3293404938269912
2017-11-22T10:20:16.45,0.00040229,0.0004023,0.00040229,66.67480182,288,2211,8296.0,12787,3585,4675.76708731,3.3373978400000004,0.9218506023159803,0.3293404938269912
2017-11-22T10:21:49.303,0.00040229,0.0004023,0.00039876,66.67480182,288,2211,8296.0,12786,3584,4678.82261151,3.3373978400000004,0.8007997277949234,0.3293404938269912
2017-11-22T10:22:13.403,0.00040229,0.0004023,0.00040229,66.67480182,288,2211,8295.9,12779,3583,4679.17393469,3.3373576110000003,1.0785581611971602,0.3293639099790334
2017-11-22T10:22:14.78,0.00040229,0.0004023,0.00040229,66.67480182,288,2211,8295.0,12772,3583,4687.46464906,3.33699555,0.5294947798192702,0.2816244394692098
2017-11-22T10:22:13.403,0.00040229,0.0004023,0.00040229,66.67480182,288,2211,8290.0,12776,3579,4683.99160287,3.3349841000000002,0.6667243114885401,0.27168075225604527
2017-11-22T10:23:33.373,0.0004023,0.00040267,0.0004023,66.66497889,289,2213,8287.0,12780,3582,4681.20723403,3.3338601000000003,0.6642248557869326,0.27169333406908286
2017-11-22T10:24:30.883,0.00040267,0.00040267,0.0004023,66.64356898,384,2214,8280.0,12770,3588,4680.88340344,3.3341076,0.6642248557860931,0.269169370213462
2017-11-22T10:24:30.883,0.00040267,0.00040267,0.0004023,66.64356898,384,2214,8270.1654,12771,3587,4680.81872538,3.3301475016179998,0.6642248557854177,0.269169370213462
2017-11-22T10:25:33.75,0.00040267,0.00040267,0.00040229,66.67135321,383,2214,8280.0,12770,3588,4681.04940264,3.3341076,0.6369309786896468,0.24139702303688643
2017-11-22T10:25:33.75,0.00040267,0.00040267,0.00040229,66.67135321,383,2214,8280.0,12755,3586,4680.90041972,3.3341076,0.6369309786893005,0.24154940277256398
2017-11-22T10:25:33.75,0.00040267,0.00040267,0.00040229,66.67135321,383,2214,8270.1654,12776,3585,4681.04320657,3.3301475016179998,0.6369309786891192,0.24154940277256398
2017-11-22T10:25:33.75,0.00040267,0.00040267,0.00040229,66.67135321,383,2214,8270.1654,12762,3591,4680.96886263,3.3301475016179998,0.6325284503800337,0.24154940277256398
2017-11-22T10:25:33.75,0.00040267,0.00040267,0.00040229,66.67135321,383,2214,8280.0,12765,3592,4681.06886263,3.3341076,0.6350470779722813,0.24154940277256398
2017-11-22T10:28:43.257,0.00040267,0.00040267,0.00040229,66.67185321,381,2216,8275.0,12772,3596,4676.90384371,3.33209425,0.6350470779725969,0.241049402762592
2017-11-22T10:28:43.257,0.00040267,0.00040267,0.00040229,66.67185321,381,2216,8275.0,12772,3596,4676.90384371,3.33209425,0.644441571112265,0.241049402762592
2017-11-22T10:28:43.257,0.00040267,0.00040267,0.00040229,66.67185321,381,2216,8270.0,12762,3595,4676.51566416,3.3300809,0.6444415711129132,0.241049402762592
2017-11-22T10:28:43.257,0.00040267,0.00040267,0.00040229,66.67185321,381,2216,8279.999,12763,3595,4676.14774547,3.33410719733,0.6444415711138877,0.2453910332107569
2017-11-22T10:28:43.257,0.00040267,0.00040267,0.00040229,66.67185321,381,2216,8279.999,12775,3594,4675.30026186,3.33410719733,0.6444415711130482,0.2453910332107569
2017-11-22T10:31:14.967,0.00040267,0.00040267,0.00040229,66.67668525,382,2217,8280.0,12772,3593,4675.2701993,3.3341076,0.6444415711123728,0.2405589932107569
2017-11-22T10:31:14.967,0.00040267,0.00040267,0.00040229,66.67668525,382,2217,8280.0,12764,3593,4674.18361842,3.3341076,0.6444415711123728,0.2526488072056713
2017-11-22T10:31:14.967,0.00040267,0.00040267,0.00040229,66.67668525,382,2217,8280.0,12763,3594,4674.0509767,3.3341076,0.6444415711118618,0.2526488072056713
2017-11-22T10:31:14.967,0.00040267,0.00040267,0.00040229,66.67668525,382,2217,8280.0,12770,3594,4675.95995372,3.3341076,0.5527100668138091,0.2526488072056713
2017-11-22T10:31:14.967,0.00040267,0.00040267,0.00040229,66.67668525,382,2217,8287.0,12776,3594,4676.04409967,3.33692629,0.5527100668136278,0.2526488072056713
2017-11-22T10:31:14.967,0.00040267,0.00040267,0.00040229,66.67668525,382,2217,8287.0,12766,3590,4676.04177024,3.33692629,0.5527100668136118,0.2526488072056713
2017-11-22T10:34:31.103,0.00040229,0.00040267,0.00040229,66.75736767,365,2217,8287.0,12765,3591,4676.40214307,3.3337772300000004,0.43500624886242295,0.2526484577108647
2017-11-22T10:34:30.477,0.00040229,0.00040267,0.00040229,66.75736767,365,2217,8286.0,12774,3593,4676.38196479,3.33337494,0.40071197243278817,0.2685459122085616
2017-11-22T10:34:29.837,0.00040229,0.00040267,0.00040229,66.75736767,365,2217,8285.00000001,12776,3591,4676.11362628,3.3329726500040233,0.40071197243310364,0.2818382142593905
2017-11-22T10:34:31.103,0.00040229,0.00040267,0.00040229,66.75736767,365,2217,8285.0,12774,3595,4675.99668686,3.3329726500000003,0.47476929699684794,0.2818382142593905
2017-11-22T10:36:27.267,0.00040229,0.00040229,0.0004022,66.77643524,286,2218,8290.5454916,12773,3587,4677.93712389,3.335203545815764,0.4976866503162381,0.37354096003201503
2017-11-22T10:36:28.687,0.00040229,0.00040229,0.0004022,66.77643524,286,2218,8296.0,12779,3584,4679.61768204,3.3373978400000004,0.4976866503161782,0.34414185609433584
2017-11-22T10:36:28.687,0.00040229,0.00040229,0.0004022,66.77643524,286,2218,8296.0,12775,3591,4679.79750499,3.3373978400000004,0.4976866503157611,0.37350902609433584
2017-11-22T10:36:27.267,0.00040229,0.00040229,0.0004022,66.77643524,286,2218,8290.0,12764,3599,4678.1731609,3.3349841000000002,0.4976866503153822,0.37350902609433584
2017-11-22T10:36:28.687,0.00040229,0.00040229,0.0004022,66.77643524,286,2218,8290.0,12769,3598,4676.81860468,3.3349841000000002,0.456481919341349,0.37350902609433584
2017-11-22T10:36:28.687,0.00040229,0.00040229,0.0004022,66.77643524,286,2218,8296.0,12774,3596,4675.99607516,3.3373978400000004,0.4590067790381906,0.37350902609433584
2017-11-22T10:36:28.687,0.00040229,0.00040229,0.0004022,66.77643524,286,2218,8296.0,12781,3596,4681.28466015,3.3373978400000004,0.2004444034896492,0.37350902609433584
2017-11-22T10:36:28.687,0.00040229,0.00040229,0.0004022,66.77643524,286,2218,8296.0,12786,3600,4682.86631003,3.3373978400000004,0.2004444034893867,0.37350902609433584
2017-11-22T10:36:28.687,0.00040229,0.00040229,0.0004022,66.77643524,286,2218,8296.0,12779,3604,4680.79488589,3.3373978400000004,0.20016161406322838,0.4123769346121448
2017-11-22T10:41:23.297,0.00040007,0.00040007,0.00039995,66.78662729,378,2216,8296.0,12785,3608,4680.1448568,3.31898072,0.7373191635412096,0.4195934053645673
2017-11-22T10:41:23.297,0.00040007,0.00040007,0.00039995,66.78662729,378,2216,8296.0,12795,3606,4679.599071,3.31898072,0.7373191635410663,0.3810041200548497
2017-11-22T10:42:02.893,0.00040007,0.00040229,0.00040007,66.78775181,379,2215,8295.99,12796,3599,4683.33386041,3.3189767192999997,0.7372761939877234,0.3795433760943358
2017-11-22T10:42:02.893,0.00040007,0.00040229,0.00040007,66.78775181,379,2215,8299.0,12794,3598,4682.07843026,3.32018093,0.6498400325267055,1.1561431050237427
2017-11-22T10:43:28.927,0.00039995,0.00040007,0.00039852,66.87973247,378,2214,8300.0,12795,3595,4683.1044888,3.319585,0.649840032526643,0.40493120698435625
2017-11-22T10:43:28.927,0.00039995,0.00040007,0.00039852,66.87973247,378,2214,8300.0,12807,3582,4683.71779097,3.319585,0.6498400325266214,0.3124764641204077
2017-11-22T10:44:10.977,0.00039995,0.00040007,0.0003986,66.87973247,378,2214,8300.0,12807,3583,4683.7214101,3.319585,0.6593051635419647,0.3124792600788605
2017-11-22T10:45:01.79,0.00039995,0.00039994,0.0003986,66.89161247,378,2216,8300.49999999,12808,3579,4683.53837101,3.3197849749960002,0.6567802983833351,0.3925011196314338
2017-11-22T10:45:03.29,0.00039995,0.00039994,0.0003986,66.89161247,378,2216,8305.0,12797,3572,4682.98002767,3.32158475,0.6593051635420257,0.37852322197034244
2017-11-22T10:45:34.22,0.00039995,0.00039993,0.0003986,66.89161247,378,2216,8310.0,12802,3564,4684.73348111,3.3235845,0.6593051635421286,0.29127852141169625
2017-11-22T10:46:34.17,0.0003986,0.00039993,0.0003986,66.89619418,378,2216,8315.0,12810,3551,4686.19098276,3.314359,0.6547234531397657,0.29127852141169625
2017-11-22T10:46:57.723,0.0003986,0.0003986,0.00039852,66.90158746,377,2216,8316.99999999,12808,3535,4691.38449297,3.3151561999960135,0.6498400325271374,0.28585392084070504
2017-11-22T10:46:57.723,0.0003986,0.0003986,0.00039852,66.90158746,377,2216,8320.0,12801,3537,4691.26877203,3.3163519999999997,0.6535867158312745,0.28585392084070504
2017-11-22T10:46:57.723,0.0003986,0.0003986,0.00039852,66.90158746,377,2216,8317.777,12802,3540,4692.01276818,3.3154659122,0.6697900325255939,0.3070058954362951
2017-11-22T10:48:43.32,0.00039852,0.00039852,0.00039845,66.93747425,349,2215,8320.0,12815,3541,4692.2512672,3.3156864,0.675576255840827,0.1534257508570093
2017-11-22T10:48:43.973,0.00039852,0.00039852,0.00039845,66.93747425,349,2215,8317.77700001,12815,3549,4694.62451435,3.314800490043986,0.674710989986515,0.1534313427739149
2017-11-22T10:49:38.32,0.00039852,0.00039852,0.00039845,66.93799232,289,2216,8317.77700001,12808,3543,4691.81824332,3.314800490043986,0.674710989986875,0.1818972328786755
2017-11-22T10:49:36.977,0.00039852,0.00039852,0.00039845,66.93799232,289,2216,8317.77700001,12809,3541,4692.43565775,3.314800490043986,0.6968803140066889,0.18188290359160494
2017-11-22T10:49:38.32,0.00039852,0.00039852,0.00039845,66.93799232,289,2216,8317.77700001,12824,3541,4690.70249749,3.314800490043986,0.6968803140071371,0.1791181516058567
2017-11-22T10:51:01.92,0.00039852,0.00039852,0.00039845,66.9351216,282,2218,8317.77700001,12822,3546,4690.7161006,3.314800490043986,0.6968803140076297,0.1769181516077003
2017-11-22T10:51:01.92,0.00039852,0.00039852,0.00039845,66.9351216,282,2218,8317.0,12814,3551,4689.1979765,3.3144908400000004,0.6968803140081671,0.16329546880032353
2017-11-22T10:51:01.92,0.00039852,0.00039852,0.00039845,66.9351216,282,2218,8317.0,12814,3547,4689.34482617,3.3144908400000004,0.7112898644136131,0.16329546880032353
2017-11-22T10:51:01.92,0.00039852,0.00039852,0.00039845,66.9351216,282,2218,8315.0,12820,3548,4688.84809991,3.3136938000000002,0.6577197559445814,0.16329546880032353
2017-11-22T10:53:22.24,0.00039852,0.00039852,0.00039845,66.90446896,379,2218,8315.0,12820,3548,4688.84809991,3.3136938000000002,0.6577197559452093,0.16209149093483413
2017-11-22T10:53:22.24,0.00039852,0.00039852,0.00039845,66.90446896,379,2218,8314.0,12817,3556,4685.03270267,3.31329528,0.6577197559468041,0.16209253941925394
2017-11-22T10:54:12.04,0.00039852,0.00039852,0.00039845,66.90746145,379,2218,8310.0,12805,3565,4685.1069026,3.3117012000000003,0.657719755946387,0.15915281313651214
2017-11-22T10:54:13.257,0.00039852,0.00039852,0.00039845,66.90746145,379,2218,8313.0,12804,3567,4685.12765856,3.31289676,0.6577197559460081,0.1639787399873371
2017-11-22T10:54:12.04,0.00039852,0.00039852,0.00039845,66.90746145,379,2218,8313.0,12818,3572,4683.83491039,3.31289676,0.6577197559456677,0.1439307417898991
2017-11-22T10:55:56.103,0.00039845,0.00039845,0.00039429,66.92970579,380,2220,8312.88,12820,3568,4680.49679021,3.3122670359999997,0.6729281525405382,0.20730679345898903
2017-11-22T10:56:08.07,0.00039845,0.00039845,0.0003943,66.92970579,380,2220,8312.88,12809,3546,4683.27834646,3.3122670359999997,0.6729281525402366,0.1387627306799561
2017-11-22T10:57:05.867,0.00039431,0.00039845,0.00039425,66.93274052,379,2222,8317.77700001,12814,3542,4681.77183975,3.2797826488739434,0.670403787498117,0.16001626420669793
2017-11-22T10:57:26.237,0.00039431,0.00039844,0.00039425,66.99749995,379,2219,8317.778,12823,3544,4686.52553516,3.27978304318,0.670403787498117,0.12926581853016192
2017-11-22T10:58:00.54,0.00039431,0.00039843,0.00039425,66.99749995,379,2219,8314.1,12815,3544,4687.87855288,3.278332771,0.670403787498117,0.1371711453114294
2017-11-22T10:58:36.25,0.00039431,0.00039799,0.00039425,66.99749995,379,2219,8306.0,12802,3548,4688.31412226,3.2751388599999998,0.670403787498117,0.2438155996593752
2017-11-22T10:59:13.943,0.00039431,0.00039798,0.00039425,66.99749995,379,2219,8301.0,12794,3552,4689.18929019,3.27316731,0.670403787498117,0.1371257425926849
2017-11-22T10:59:14.287,0.00039431,0.00039798,0.00039425,66.99749995,379,2219,8301.00000001,12811,3549,4691.99674734,3.2731673100039433,0.670403787498117,0.1371666334850571
2017-11-22T11:00:06.103,0.00039431,0.00039797,0.0003947,66.99749995,379,2219,8301.00000001,12816,3551,4691.1733292,3.2731673100039433,0.7329931680088846,0.1293100339673102
2017-11-22T11:00:43.763,0.00039431,0.00039796,0.00039471,66.99749995,379,2219,8301.00000001,12809,3552,4690.83972195,3.2731673100039433,0.9569186523717309,0.12930995700415573
2017-11-22T11:01:08.663,0.00039431,0.00039795,0.00039471,66.99749995,379,2219,8317.7,12813,3555,4689.57878672,3.279752287,0.9569186523717309,0.1293102295358078
2017-11-22T11:01:46.347,0.00039431,0.00039794,0.00039471,66.99749995,379,2219,8317.7,12823,3555,4688.63030687,3.279752287,0.9569931354339646,0.1371677236116655
2017-11-22T11:02:21.933,0.00039793,0.00039792,0.00039471,67.00303454,380,2220,8316.778,12824,3558,4687.5917972,3.3094954695400003,0.9522566154339646,0.13099011299685823
2017-11-22T11:02:57.117,0.00039793,0.00039793,0.00039471,67.00303454,380,2220,8315.0,12811,3558,4686.70212426,3.30878795,0.9726384909089991,0.1309900360337037
2017-11-22T11:02:59.273,0.00039793,0.00039791,0.00039471,67.00303454,380,2220,8315.0,12812,3560,4686.24144079,3.30878795,0.9726384909089991,0.1309900360337037
2017-11-22T11:03:33.643,0.00039793,0.0003979,0.00039471,67.00303454,380,2220,8310.0,12824,3562,4686.18566702,3.3067983,0.9726384909089991,0.1309899590705492
2017-11-22T11:04:09.263,0.00039793,0.00039789,0.00039471,67.00303454,380,2220,8300.777,12819,3560,4685.33130728,3.30312819161,0.9726384909089991,0.13098988210739473
2017-11-22T11:04:48.88,0.00039793,0.00039788,0.0003947,67.00303454,380,2220,8310.0,12814,3567,4685.3587275,3.3067983,0.9127924952729882,0.1309887566598204
2017-11-22T11:05:13.693,0.00039788,0.00039793,0.00039788,67.00424294,283,2219,8316.768,12816,3562,4684.58846016,3.3090756518399997,0.8936469399780584,0.1422765128436871
2017-11-22T11:05:38.99,0.00039788,0.00039793,0.0003947,67.00424294,283,2219,8309.0,12823,3567,4684.70504485,3.3059849199999998,0.9693473070968793,0.1422775613281069
