timestamp,tick,ask,bid,vol,buys,sells,btc_tick,btc_buys,btc_sells,btc_vol,usdt,first_page_buy_orders,first_page_sell_orders
2018-04-09T16:20:41.96,0.0,0.0,2.0,0.0,0,0,6740.0,5646,4376,2795.94155615,0.0,0.00839395887779,0
2018-04-09T16:21:07.623,0.0,0.0,2.0,0.0,0,0,6739.0,5644,4379,2795.86916233,0.0,0.00839395887779,0
2018-04-09T16:21:44.14,0.0,0.0,2.0,0.0,0,0,6740.0,5644,4379,2796.45584683,0.0,0.00839395887779,0
2018-04-09T16:22:13.243,0.0,0.0,2.0,0.0,0,0,6740.0,5649,4377,2797.00288515,0.0,0.027385798877790003,0
2018-04-09T16:22:44.547,0.0,0.0,2.0,0.0,0,0,6732.0,5643,4380,2792.03187263,0.0,0.027385798877790003,0
2018-04-09T16:23:17.4,0.0,0.0,2.0,0.0,0,0,6732.0,5646,4381,2805.39228522,0.0,0.063029277095616,0
2018-04-09T16:23:47.9,0.0,0.0,2.0,0.0,0,0,6732.0,5646,4380,2806.46182556,0.0,0.063029277095616,0
2018-04-09T16:24:19.653,0.0,0.0,2.0,0.0,0,0,6740.0,5646,4378,2807.59370836,0.0,0.063029277095616,0
2018-04-09T16:24:51.757,0.0,0.0,2.0,0.0,0,0,6740.0,5649,4381,2808.32798533,0.0,0.063029277095616,0
2018-04-09T16:25:18.42,0.0,0.0,2.0,0.0,0,0,6731.00000001,5646,4382,2808.4720781,0.0,0.063029277095616,0
2018-04-09T16:25:54.597,0.0,0.0,2.0,0.0,0,0,6750.0,5646,4375,2808.78971408,0.0,0.069280277095616,0
2018-04-09T16:26:26.093,0.0,0.0,2.0,0.0,0,0,6764.30499999,5646,4374,2809.61217151,0.0,0.069280277095616,0
2018-04-09T16:26:54.42,0.0,0.0,2.0,0.0,0,0,6764.30499999,5646,4374,2809.61217151,0.0,0.063029277095616,0
2018-04-09T16:27:28.897,0.0,0.0,2.0,0.0,0,0,6731.00000001,5645,4375,2810.47690587,0.0,0.068696517095616,0
2018-04-09T16:27:59.797,0.0,0.0,2.0,0.0,0,0,6731.00000001,5645,4375,2810.47690587,0.0,0.068696517095616,0
2018-04-09T16:28:31,0.0,0.0,2.0,0.0,0,0,6732.00000001,5650,4379,2809.75422866,0.0,0.068696517095616,0
2018-04-09T16:29:02.16,0.0,0.0,2.0,0.0,0,0,6732.00000001,5647,4378,2799.84068525,0.0,0.068696517095616,0
2018-04-09T16:29:33.91,0.0,0.0,2.0,0.0,0,0,6732.00000001,5647,4380,2800.61170834,0.0,0.068696517095616,0
2018-04-09T16:30:00.623,0.0,0.0,2.0,0.0,0,0,6732.00000001,5647,4381,2798.36702428,0.0,0.12902867886993202,0
2018-04-09T16:30:35.443,0.0,0.0,2.0,0.0,0,0,6732.00000001,5650,4380,2798.37347382,0.0,0.068698657094653,0
2018-04-09T16:31:08.777,0.0,0.0,2.0,0.0,187,0,6730.0,5650,4381,2797.50353577,0.0,0.068698657094653,0
2018-04-09T16:31:43.043,0.0,0.0,2.0,0.0,187,0,6718.00000002,5647,4383,2795.90905741,0.0,0.068698657094653,0
2018-04-09T16:32:13.55,0.0,0.0,2.0,0.0,187,0,6730.0,5650,4381,2796.30939821,0.0,0.068698657094653,0
2018-04-09T16:32:45.99,0.0,0.0,2.0,0.0,187,0,6763.00000001,5653,4378,2795.42658114,0.0,0.068698657094653,0
2018-04-09T16:33:15.97,0.0,0.0,2.0,0.0,187,0,6763.00000001,5649,4379,2795.46876705,0.0,0.068698657094653,0
2018-04-09T16:33:47.287,0.0,0.0,2.0,0.0,187,0,6763.00000001,5649,4379,2795.46876705,0.0,0.068698657094653,0
2018-04-09T16:34:17.74,0.0,0.0,2.0,0.0,187,0,6731.00000004,5651,4388,2794.25414298,0.0,0.068698657094653,0
2018-04-09T16:34:49.79,0.0,0.0,2.0,0.0,187,0,6731.00000004,5651,4388,2792.77771969,0.0,0.068698657094653,0
2018-04-09T16:35:20.903,0.0,0.0,2.0,0.0,187,0,6762.99899999,5654,4388,2792.9120335,0.0,0.068698657094653,0
2018-04-09T16:35:54.35,0.0,0.0,2.0,0.0,187,0,6730.0,5649,4388,2793.22499624,0.0,0.049706817094653,0
2018-04-09T16:36:27.25,0.0,0.0,2.0,0.0,187,0,6731.00000004,5651,4390,2793.14014124,0.0,0.049706817094653,0
2018-04-09T16:36:57.847,0.0,0.0,2.0,0.0,187,0,6731.00000004,5651,4389,2793.14868853,0.0,0.049706817094653,0
2018-04-09T16:37:30.363,0.0,0.0,2.0,0.0,187,0,6731.00000004,5651,4389,2793.14868853,0.0,0.050205577094652995,0
2018-04-09T16:37:59.467,0.0,0.0,2.0,0.0,187,0,6730.0,5650,4395,2793.17844149,0.0,0.050205577094652995,0
2018-04-09T16:38:33.41,0.0,0.0,2.0,0.0,187,0,6731.00000004,5653,4394,2794.5878396,0.0,0.050205577094652995,0
2018-04-09T16:39:04.93,0.0,0.0,2.0,0.0,187,0,6731.00000004,5653,4394,2794.5878396,0.0,0.014562098876827,0
2018-04-09T16:39:35.753,0.00065,0.01,7.1e-05,0.03865433,274,0,6731.00000004,5654,4393,2794.49757181,4.375150000025999,1.1346817047748476,0.08550249380000001
2018-04-09T16:40:07.343,0.00014651,0.01,0.00065,0.26181847,278,1,6730.0,5659,4397,2794.88928248,0.9860123000000001,1.3876379572209299,0.08550249380000001
2018-04-09T16:40:35.71,9.9e-05,0.0,9.9e-05,0.3674695,275,3,6730.0,5661,4398,2794.96556026,0.6662699999999999,1.1517267707193133,0
2018-04-09T16:41:42.183,0.00043,0.00042,0.00013001,0.60211431,293,6,6716.0,5659,4398,2814.54995076,2.88788,2.9687425366470945,3.4911206584099
2018-04-09T16:42:12.027,0.00013001,0.00013001,0.00013,0.68346979,298,10,6716.0,5659,4397,2814.57783922,0.87314716,2.9665282438901373,4.088680269272524
2018-04-09T16:42:41.56,0.00013,0.0001299,9.902e-05,1.99902186,294,14,6715.0,5659,4405,2814.6125125,0.8729499999999999,1.7812016586699064,20.932334932745885
2018-04-09T16:43:16.6,9e-05,8.9e-05,7.222e-05,3.31226775,301,17,6728.0,5657,4407,2814.54213273,0.6055200000000001,0.9204835127498602,2.5096866592916807
2018-04-09T16:43:47.61,7.1e-05,8e-05,7.302e-05,5.56017853,298,33,6730.0,5658,4406,2815.31833781,0.47783000000000003,7.247072487939429,6.993569143263608
2018-04-09T16:44:19.103,7.9e-05,7.9e-05,7.5e-05,12.82117198,304,35,6715.0,5660,4405,2815.31963913,0.530485,1.9241824085299426,10.318339018580657
2018-04-09T16:44:51.427,7.87e-05,7.87e-05,7.551e-05,15.31287154,313,40,6730.0,5663,4407,2815.09188378,0.529651,1.0905049939311855,8.124397966599519
2018-04-09T16:45:22.777,7.7e-05,7.69e-05,7.563e-05,16.96473072,300,43,6730.0,5667,4407,2815.15562121,0.5182100000000001,1.8305407840041996,15.08351842075635
2018-04-09T16:45:54.2,7.699e-05,7.68e-05,7.564e-05,17.53406734,317,40,6730.0,5667,4408,2815.15626208,0.5181427000000001,2.4999101515478497,14.230218370235763
2018-04-09T16:46:25.307,7.679e-05,7.679e-05,7.6e-05,18.27888785,322,41,6730.0,5670,4406,2815.20252531,0.5167967,1.7449590432584003,7.035343146867764
2018-04-09T16:46:54.927,7.677e-05,7.61e-05,7.6e-05,18.44288436,325,46,6729.30000007,5671,4407,2814.98697726,0.5166083610053739,1.4298667171118247,11.360566029598331
2018-04-09T16:47:28.033,7.62e-05,7.5e-05,7.201e-05,22.72111726,321,48,6730.0,5675,4408,2814.97120129,0.512826,1.723789375709914,5.487624302819724
2018-04-09T16:47:58.54,7.61e-05,7.6e-05,7.211e-05,24.02305296,314,52,6729.30000007,5676,4409,2814.34064826,0.512099730005327,1.2603884507967464,7.429160354695371
2018-04-09T16:48:28.833,6.875e-05,7e-05,6.875e-05,29.75861563,297,54,6729.000007,5677,4412,2814.44425419,0.46261875048125,1.646190690542745,11.948480992371428
2018-04-09T16:49:02.053,7e-05,7e-05,6.88e-05,30.94923408,299,63,6729.000007,5678,4414,2813.5073878,0.47103000048999993,0.8388911694504225,7.565358284517211
2018-04-09T16:49:32.513,6.999e-05,6.999e-05,6.9e-05,32.04232889,308,68,6729.000007,5675,4419,2813.50254688,0.47096271048993,1.0174305830315205,7.318998608476294
2018-04-09T16:50:04.023,7e-05,7e-05,6.91e-05,33.21716778,313,74,6731.00000004,5674,4414,2808.96453049,0.4711700000027999,1.2449528273955488,6.611998673652472
2018-04-09T16:50:35.403,7.399e-05,7.399e-05,7.02e-05,37.05692275,326,72,6731.00000004,5674,4415,2802.61471578,0.49802669000295957,2.310434623183248,3.3092751129129474
2018-04-09T16:51:05.71,7.377e-05,7.3e-05,7.12e-05,37.09483848,322,70,6731.00000004,5675,4416,2802.61471578,0.49654587000295075,1.7389212882628107,3.1214937825531446
2018-04-09T16:52:12.837,7e-05,7.244e-05,7.015e-05,46.0039009,309,84,6731.00000004,5672,4410,2805.95704631,0.4711700000027999,1.6274510266919404,3.906707960877037
2018-04-09T16:52:43.863,7.019e-05,7.18e-05,7.02e-05,49.9954878,328,96,6731.00000002,5674,4413,2805.92273419,0.47244889000140383,0.809748014535995,3.192012777614857
2018-04-09T16:53:15.393,7.05e-05,7.097e-05,7.05e-05,52.3406885,330,100,6717.00000004,5673,4415,2805.9267972,0.47354850000282,0.6202149275763609,2.975425724078686
2018-04-09T16:53:46.187,7.05e-05,7.041e-05,7.02e-05,53.36919002,326,110,6731.00000002,5675,4415,2806.2918603,0.47453550000141004,0.869177303828633,1.792147465477776
2018-04-09T16:54:17.177,7e-05,7e-05,6.926e-05,55.87360531,333,107,6718.09237194,5677,4415,2806.04032344,0.47026646603579997,0.9749714541114819,1.6496746127706574
2018-04-09T16:54:49.163,7e-05,7.144e-05,6.982e-05,58.70969378,332,114,6718.095,5678,4414,2805.31619746,0.47026664999999995,1.2022304852881882,2.564884839433818
2018-04-09T16:55:21.21,6.982e-05,6.982e-05,6.929e-05,58.79654928,327,118,6731.00000002,5686,4414,2803.56154788,0.4699584200013964,1.366434577827493,5.507521997906585
2018-04-09T16:55:53.113,6.901e-05,6.85e-05,6.81e-05,59.57857003,321,123,6731.00000002,5689,4414,2800.33571999,0.4645063100013802,0.35307909294956874,10.395655730028713
2018-04-09T16:56:24.56,6.713e-05,6.9e-05,6.85e-05,61.09233,304,120,6718.0950001,5693,4413,2796.47071839,0.450985717356713,0.13592181795984118,9.112657963178387
2018-04-09T16:56:55.333,6.715e-05,6.715e-05,6.714e-05,61.27936489,312,124,6731.00000002,5687,4413,2796.72090173,0.451986650001343,0.489728682934451,10.112417764289248
2018-04-09T16:57:27.15,6.6e-05,6.612e-05,6.54e-05,61.99047074,299,138,6731.00000004,5687,4411,2795.91196458,0.44424600000264003,3.4380088364338977,6.40027216901655
2018-04-09T16:57:58.763,6.6e-05,6.61e-05,6.6e-05,62.35371268,297,138,6731.00000004,5687,4409,2796.79137799,0.44424600000264003,2.5414863853258716,5.4455749187763995
2018-04-09T16:58:29.473,6.408e-05,6.612e-05,6.6e-05,62.9731458,294,133,6731.00000004,5684,4411,2796.78707409,0.4313224800025631,3.1543722681097592,5.294686195350627
2018-04-09T16:59:00.98,6.398e-05,6.6e-05,6.398e-05,65.90821934,289,148,6731.00000004,5683,4412,2796.12978707,0.43064938000255915,2.2430513812206665,5.267685153755217
2018-04-09T16:59:31.247,6.4e-05,6.54e-05,6.4e-05,66.31276436,304,152,6720.6205,5684,4408,2802.96993005,0.430119712,1.5218399283173751,4.45430103289026
2018-04-09T17:00:04.29,6.539e-05,6.6e-05,6.54e-05,66.94850205,314,149,6731.00000004,5683,4409,2802.11063419,0.44014009000261556,2.24208824163963,5.15979625116102
2018-04-09T17:00:35.373,6.608e-05,6.799e-05,6.609e-05,67.41437592,313,154,6724.872635,5683,4410,2802.31120061,0.4443795837208,1.3731062431041574,2.790694231281783
2018-04-09T17:01:06.78,6.779e-05,6.755e-05,6.609e-05,68.0467901,313,159,6724.42331,5684,4408,2804.31747527,0.4558486561849,0.6450957907034705,2.5762239352417984
2018-04-09T17:01:38.073,6.648e-05,6.748e-05,6.648e-05,69.32289858,312,162,6731.00000004,5682,4409,2804.36846003,0.44747688000265917,0.5611275396359688,2.5983036198893545
2018-04-09T17:02:42.95,6.72e-05,6.778e-05,6.648e-05,70.12318517,315,165,6731.00000004,5685,4410,2799.80475873,0.45232320000268794,1.3992650484358384,5.48944074685442
2018-04-09T17:03:14.863,6.77e-05,6.778e-05,6.72e-05,70.26724098,315,171,6719.0,5688,4409,2788.81208833,0.4548763,0.9755715624954565,2.1732851691920505
2018-04-09T17:03:43.403,6.778e-05,6.78e-05,6.779e-05,70.65801539,320,169,6720.0,5688,4409,2789.41284332,0.45548160000000004,0.9127160650708245,3.1338841834309346
2018-04-09T17:04:15.02,6.808e-05,6.898e-05,6.808e-05,70.93119904,325,170,6722.601545,5690,4410,2789.97006143,0.45767471318360003,0.9825801917027546,3.0281581490891156
2018-04-09T17:04:48.28,6.9e-05,6.9e-05,6.89e-05,72.40877134,320,166,6730.0,5689,4408,2791.18688427,0.46437,1.4761599870829292,5.692519240034989
2018-04-09T17:05:19.213,6.769e-05,6.887e-05,6.8e-05,74.11357481,316,166,6731.00000004,5686,4410,2791.19019566,0.45562139000270757,0.3623668209331855,3.079314567329978
2018-04-09T17:05:50.923,6.6e-05,6.799e-05,6.7e-05,75.99073336,305,180,6731.00000004,5688,4409,2793.20419755,0.44424600000264003,1.4762816024034917,2.0406665981537895
2018-04-09T17:06:21.31,6.663e-05,6.621e-05,6.5e-05,76.59221969,312,185,6731.00000004,5688,4409,2793.58988223,0.4484865300026652,1.8811204332120464,0.5724951464006902
2018-04-09T17:06:53.633,6.5e-05,6.6e-05,6.5e-05,76.64595227,299,192,6722.601545,5686,4410,2792.60663626,0.436969100425,1.7597873101018948,0.815328563558835
2018-04-09T17:07:24.51,6.6e-05,6.664e-05,6.6e-05,76.70672176,287,194,6731.00000004,5687,4411,2789.7917565,0.44424600000264003,1.8747179328235823,0.6064516236417191
2018-04-09T17:07:56.6,6.7e-05,6.769e-05,6.7e-05,76.87384362,290,193,6731.00000004,5687,4412,2788.51442264,0.45097700000268,0.9498950208156477,0.8625501403767701
2018-04-09T17:08:24.727,6.52e-05,6.682e-05,6.6e-05,77.00484501,294,197,6731.00000004,5688,4412,2789.35788887,0.438861200002608,0.6317500479315846,1.0521349258069657
2018-04-09T17:08:58.703,6.55e-05,6.55e-05,6.52e-05,77.0208204,298,196,6731.00000004,5688,4411,2789.31785071,0.44088050000262,0.6681266335115094,1.8690820680475975
2018-04-09T17:09:27.133,6.682e-05,6.681e-05,6.52e-05,77.84771237,295,202,6731.00000004,5688,4412,2790.06781631,0.4497654200026728,0.7360048475897185,1.1283482672555833
2018-04-09T17:10:07.753,6.66e-05,6.657e-05,6.55e-05,78.23630765,299,205,6731.00000004,5687,4412,2790.44261057,0.448284600002664,0.8339937995274024,1.3166868333500543
2018-04-09T17:10:41.713,6.4e-05,6.508e-05,6.4e-05,79.86408966,274,214,6731.00000004,5688,4411,2790.38854895,0.43078400000255995,1.5162404844734259,1.738999691766176
2018-04-09T17:11:12.9,6e-05,6.242e-05,6e-05,86.03863505,220,219,6731.00000004,5685,4402,2789.35782059,0.40386000000239997,7.481904613863094,1.3910560238001448
2018-04-09T17:11:44.597,5.85e-05,6.489e-05,6.401e-05,91.23935343,225,216,6720.0,5683,4402,2789.20797152,0.39311999999999997,4.613106385421045,2.9879619245147517
2018-04-09T17:12:15.763,5.9e-05,6.2e-05,6.01e-05,95.04500044,226,226,6731.00000004,5683,4401,2785.91879831,0.39712900000235996,6.5536694735762255,2.442937548147712
2018-04-09T17:13:12.75,6.022e-05,6e-05,5.902e-05,96.50690862,233,240,6731.00000004,5685,4403,2782.37052948,0.4053408200024088,6.237770262544638,1.0981821617347611
2018-04-09T17:13:44.377,6e-05,6.022e-05,5.913e-05,97.7998364,240,246,6731.00000004,5684,4404,2782.27244326,0.40386000000239997,1.3974474629676965,0.8782513365410406
2018-04-09T17:14:15.983,5.92e-05,6.022e-05,5.93e-05,98.86347606,242,253,6731.00000004,5679,4402,2782.97945238,0.39847520000236797,1.5441240219840442,3.589020250358214
2018-04-09T17:14:46.753,5.931e-05,6.02e-05,5.95e-05,99.26850767,246,256,6731.00000004,5681,4401,2782.98012656,0.3992156100023724,1.2370182689353117,3.626690631255759
2018-04-09T17:15:18.293,6.021e-05,6.071e-05,5.96e-05,99.78902137,253,256,6731.00000004,5680,4402,2783.65907766,0.4052735100024084,2.1468931731955485,2.898390816957647
2018-04-09T17:15:50.007,5.96e-05,6e-05,5.961e-05,100.02321212,257,257,6731.0,5678,4402,2783.04063176,0.4011676,0.7939157130131669,2.2767334481843307
2018-04-09T17:16:21.11,6e-05,6e-05,5.961e-05,100.07975356,264,259,6731.0,5677,4402,2783.45143599,0.40386,0.5992061529003802,2.63752094020263
2018-04-09T17:16:52.09,5.908e-05,6.049e-05,5.963e-05,102.42494596,245,254,6730.0,5677,4403,2783.19487723,0.3976084,2.394262867566351,4.735768068081695
2018-04-09T17:17:24.07,5.964e-05,5.98e-05,5.964e-05,102.46622942,254,259,6730.0,5678,4406,2780.02522069,0.4013772,1.8653501475205012,3.0935840969633417
2018-04-09T17:17:54.85,6.099e-05,6.108e-05,6.099e-05,105.39992946,258,249,6730.0,5680,4411,2780.18525185,0.41046269999999996,1.884702030292733,1.4385704855097907
2018-04-09T17:18:26.693,6.2e-05,6.189e-05,6.11e-05,105.73927274,258,253,6717.634,5681,4404,2781.57387724,0.416493308,1.3373369820494032,0.7884226765312836
2018-04-09T17:18:56.66,6.189e-05,6.164e-05,6.113e-05,105.77605212,260,261,6731.00000004,5685,4404,2781.54440675,0.41658159000247563,0.313669250871597,2.34483807733579
2018-04-09T17:19:29.72,6.008e-05,6.1e-05,6.008e-05,106.99497201,255,267,6731.00000004,5686,4400,2781.62660728,0.4043984800024032,2.404603954951101,0.5135866209046941
2018-04-09T17:20:00.827,6.062e-05,6.084e-05,6.008e-05,107.03022451,257,274,6718.6295,5685,4401,2782.35365728,0.40728332029,0.5615075965190176,0.8798139288240239
2018-04-09T17:20:31.69,6.008e-05,6.008e-05,5.964e-05,107.08247183,263,280,6730.0,5688,4403,2782.3736009,0.4043384,2.0524899891479396,0.7235743569554349
2018-04-09T17:21:02.667,6.008e-05,6.008e-05,5.964e-05,107.08378483,267,277,6730.0,5688,4403,2782.42978361,0.4043384,0.9364433709209018,0.9213841372513594
2018-04-09T17:21:31.147,6.008e-05,6.08e-05,6.008e-05,107.14561117,270,278,6730.0,5690,4402,2782.52748054,0.4043384,0.9444411592286679,0.8207894005295473
2018-04-09T17:22:05.57,6.08e-05,6.08e-05,6.04e-05,107.24174422,271,279,6725.0,5688,4404,2784.08986324,0.40888,1.032957550521418,1.105007208879671
2018-04-09T17:22:36.08,6.07e-05,6.109e-05,6.07e-05,107.78232384,269,282,6730.0,5690,4403,2784.54142196,0.408511,0.6463593985324596,0.7295213902416287
2018-04-09T17:23:08.187,6.013e-05,6.013e-05,6.012e-05,108.35189724,267,286,6730.0,5690,4404,2785.94856608,0.4046749,0.6201471160707706,0.6812972670978285
2018-04-09T17:23:43.793,6.066e-05,6.07e-05,6.066e-05,108.6957258,270,295,6719.0,5688,4410,2786.85897637,0.40757454,0.6637457755119186,0.6338152807144027
2018-04-09T17:24:15.163,5.95e-05,6.059e-05,5.925e-05,109.66173407,256,293,6730.0,5687,4411,2786.8491206,0.40043500000000004,0.561991220716012,0.9056675836470321
2018-04-09T17:24:45.79,5.908e-05,5.922e-05,5.908e-05,110.64747751,258,291,6716.65841,5688,4412,2787.7055706,0.39682017886279997,0.6588015851108946,0.7148410102839958
2018-04-09T17:25:17.95,6e-05,6e-05,5.923e-05,111.33010741,255,288,6728.0,5693,4413,2786.47233081,0.40368,0.7432106517071698,1.2797619523458643
2018-04-09T17:25:48.333,5.988e-05,5.999e-05,5.988e-05,111.72509347,258,278,6728.0,5696,4408,2786.73214237,0.40287264,0.6696770271710341,0.988479259905689
2018-04-09T17:26:18.93,6.02e-05,6.02e-05,6e-05,111.87549398,263,285,6728.0,5696,4401,2785.58487449,0.4050256,1.290747679780862,0.9665370605888963
2018-04-09T17:26:50.9,6.02e-05,6.02e-05,6e-05,111.97896655,268,284,6730.0,5699,4401,2785.57650628,0.405146,1.298079579447647,1.5368086336309221
2018-04-09T17:27:20.913,6.02e-05,6.049e-05,6.02e-05,113.31051167,261,284,6728.0,5699,4400,2785.57750628,0.4050256,1.5741305532063643,0.8723183939200647
2018-04-09T17:27:53.317,6.05e-05,6.06e-05,6.021e-05,116.32988281,256,281,6728.0,5698,4401,2785.85737918,0.407044,0.4879814773307801,0.5969014971664112
2018-04-09T17:28:24.867,6.059e-05,6.058e-05,5.931e-05,116.54414987,254,284,6728.0,5696,4404,2786.04918975,0.40764952,2.127857977297171,0.5184650172437951
2018-04-09T17:28:55.983,6.049e-05,6.05e-05,6.049e-05,116.81901207,265,290,6730.0,5696,4403,2785.97861942,0.4070977,1.1311790041042593,0.9693306274783496
2018-04-09T17:29:28.19,6.108e-05,6.09e-05,6.08e-05,117.3116545,262,291,6730.0,5699,4401,2785.57650628,0.41106840000000006,0.6317524993864047,0.7409555227034239
2018-04-09T17:29:59.437,6.14e-05,6.13e-05,5.95e-05,117.83598357,257,290,6728.0,5696,4402,2786.57499916,0.4130992,1.1378945732197727,1.0105810605587477
2018-04-09T17:30:29.987,6.085e-05,6.108e-05,5.97e-05,117.88632943,260,294,6730.0,5697,4402,2789.16504234,0.4095205,2.417866829757738,0.7134619990456008
2018-04-09T17:31:01.24,5.977e-05,6.108e-05,6.001e-05,119.28495233,261,300,6728.0,5696,4402,2789.49042375,0.40213256,0.9712843513147156,0.4385371809266926
2018-04-09T17:31:33.407,6.004e-05,6.107e-05,6.005e-05,119.75469075,258,301,6728.0,5696,4402,2789.55254359,0.40394912,0.42321153025329855,0.787508137981985
2018-04-09T17:32:05.213,6.012e-05,6.099e-05,6.012e-05,119.88966562,263,309,6716.65841,5694,4402,2790.29213763,0.4038055036092,0.3233150945853526,0.7860337049424032
2018-04-09T17:32:36.603,6.008e-05,6.001e-05,5.995e-05,120.0804583,256,305,6728.0,5695,4402,2790.32021001,0.40421824,0.7511766288767618,0.647089138608303
2018-04-09T17:33:07.3,5.95e-05,5.95e-05,5.908e-05,123.24195322,235,307,6728.0,5698,4404,2790.02679224,0.400316,2.1926833995735984,2.2125664784860857
2018-04-09T17:34:12.41,5.95e-05,5.95e-05,5.908e-05,125.15494561,238,314,6728.0,5699,4406,2790.17602793,0.400316,4.9131288694174415,2.031359339113049
2018-04-09T17:34:43.173,5.95e-05,6e-05,5.95e-05,126.25418083,241,316,6728.0,5699,4406,2790.17602793,0.400316,4.439851127215494,6.836275502684296
2018-04-09T17:35:17.22,6e-05,5.999e-05,5.95e-05,126.41743281,242,319,6728.0,5701,4405,2789.17763437,0.40368,4.57502847281501,1.2876765856548287
2018-04-09T17:35:47.72,5.999e-05,5.998e-05,5.883e-05,127.61463801,241,319,6715.00000003,5700,4404,2789.75249306,0.4028328500017997,3.1621814770746126,1.4480170775821053
2018-04-09T17:36:18.463,5.753e-05,5.866e-05,5.761e-05,134.52355684,212,329,6730.0,5702,4401,2785.53832738,0.3871769,0.69394207761679,1.707460345137726
2018-04-09T17:36:50.22,5.753e-05,5.866e-05,5.76e-05,134.86113806,212,330,6715.00000003,5703,4400,2784.49022616,0.38631395000172586,3.250129085861625,1.5188490580153782
2018-04-09T17:37:21.49,5.76e-05,5.846e-05,5.761e-05,134.96805672,220,334,6730.0,5704,4400,2784.42905457,0.387648,2.378553617700791,2.4901910696051623
2018-04-09T17:37:51.093,5.799e-05,5.846e-05,5.771e-05,135.22538698,227,333,6715.00000003,5700,4404,2782.14734269,0.3894028500017397,1.3375724211952609,2.3319887167176794
2018-04-09T17:38:23.797,5.846e-05,5.864e-05,5.846e-05,135.26614772,235,335,6715.00000003,5702,4404,2781.01479736,0.39255890000175375,1.1615358073715858,4.269394079498012
2018-04-09T17:38:54.453,5.865e-05,5.864e-05,5.775e-05,135.37807446,236,331,6715.00000003,5704,4406,2777.38010383,0.3938347500017595,2.0231729560818383,3.5094898842562112
2018-04-09T17:39:28.18,5.865e-05,5.86e-05,5.78e-05,135.37807446,236,331,6729.0,5704,4405,2777.45783987,0.39465585000000003,1.4494878758558891,3.840642748788218
2018-04-09T17:39:58.49,5.859e-05,5.858e-05,5.788e-05,135.88508986,236,340,6728.99,5703,4406,2777.986213,0.3942515241,1.5438694862816622,1.341015353811971
2018-04-09T17:40:29.727,5.858e-05,5.86e-05,5.859e-05,135.93451766,238,341,6715.00000003,5702,4405,2777.99482712,0.3933647000017574,1.9383947551562313,3.4749925464890405
2018-04-09T17:41:01.62,5.866e-05,5.89e-05,5.802e-05,137.44847339,236,338,6721.99500003,5703,4405,2777.57678743,0.39431222670175975,2.113456252588517,0.7179788552225193
2018-04-09T17:41:32.09,6.1e-05,6.1e-05,5.908e-05,141.67113867,239,319,6715.00000004,5704,4404,2778.6926202,0.40961500000243994,0.7678309206007734,0.8428714756985347
2018-04-09T17:42:04.243,6.452e-05,6.299e-05,6.29e-05,154.31615904,238,273,6730.0,5705,4401,2781.68824406,0.4342196,1.401267288371333,11.834244519172582
2018-04-09T17:42:35.633,6.3e-05,6.3e-05,6.099e-05,160.1192148,235,273,6740.0,5706,4399,2782.26433605,0.42462,3.0415428383557166,10.971675874847772
2018-04-09T17:43:07.313,6.29e-05,6.28e-05,6.207e-05,161.07245623,243,276,6730.0,5709,4399,2783.40435832,0.423317,5.44767972335498,11.130150933513386
2018-04-09T17:43:37.557,6.2e-05,6.28e-05,6.211e-05,162.61033848,245,281,6715.0,5706,4400,2798.47054787,0.41633000000000003,3.01792405268151,2.0419419728575523
2018-04-09T17:44:08.92,6.2e-05,6.2e-05,6.112e-05,163.73247629,244,288,6730.0,5706,4400,2798.47219049,0.41726,2.0753913530218906,3.4474107974026413
2018-04-09T17:44:43.227,6.186e-05,6.199e-05,6.186e-05,165.91076607,241,297,6730.0,5709,4399,2797.95563645,0.41631779999999996,3.247177475478834,4.922916779886608
2018-04-09T17:45:15.38,6.12e-05,6.18e-05,6.115e-05,166.32561154,240,316,6716.00000002,5705,4400,2798.5643286,0.41101920000122394,2.5004104002966887,3.837703984233488
2018-04-09T17:45:46.887,6.18e-05,6.108e-05,6.001e-05,169.1595594,227,318,6716.00000002,5706,4401,2798.55887933,0.41504880000123595,1.1377535364660143,3.673229057800122
2018-04-09T17:46:18.42,6.003e-05,6.1e-05,6.003e-05,169.24292168,232,328,6715.00000001,5704,4402,2800.44770567,0.40310145000060027,1.9960302775134693,4.751892507202098
2018-04-09T17:46:48.64,6.101e-05,6.106e-05,6.009e-05,173.80994869,229,325,6730.0,5705,4401,2800.5129944,0.4105973,1.3281777538487651,1.6415760987150154
2018-04-09T17:47:20.007,6.01e-05,6.106e-05,6.011e-05,175.92425619,236,332,6715.00000001,5706,4405,2800.69694523,0.403571500000601,1.59699266613766,1.8503520808526008
2018-04-09T17:47:52.14,6.104e-05,6.104e-05,6.022e-05,175.93609557,244,342,6730.0,5708,4405,2800.61039459,0.4107992,0.7320525312175911,2.6858038963718327
2018-04-09T17:48:23.56,6.103e-05,6.08e-05,6.023e-05,176.09574022,245,350,6715.05,5708,4404,2801.77810586,0.4098195015,0.8200238725689215,1.9086348590343987
2018-04-09T17:48:49.66,6e-05,5.995e-05,5.994e-05,176.36251181,235,355,6730.0,5709,4402,2802.28570766,0.4038,1.0865900661622687,1.7522741585723798
2018-04-09T17:49:24.38,5.995e-05,6.05e-05,5.995e-05,176.7573546,237,358,6715.05000004,5715,4403,2802.64547703,0.402567247502398,1.0328565052375824,6.208057181052977
2018-04-09T17:49:56.867,5.994e-05,6.05e-05,5.994e-05,176.91988139,234,363,6730.0,5721,4401,2803.05281989,0.4033962,0.8660921405960527,5.927320882032749
2018-04-09T17:50:29.053,5.996e-05,5.996e-05,5.994e-05,177.26049507,236,370,6720.61054502,5721,4401,2802.54382826,0.4029678082793992,0.671116793436037,8.438028994271466
2018-04-09T17:50:58.343,5.96e-05,5.961e-05,5.96e-05,177.36727426,229,372,6730.0,5721,4401,2803.58706219,0.40110799999999996,0.8164714167720384,7.90464869087273
2018-04-09T17:51:31.513,5.994e-05,5.989e-05,5.909e-05,179.40586439,222,375,6740.0,5717,4400,2802.91023133,0.4039956,1.0989497834353592,6.389341761203738
2018-04-09T17:52:03.913,5.909e-05,5.97e-05,5.91e-05,179.78003053,223,375,6740.0,5719,4400,2801.79535699,0.39826659999999997,1.0344469364271727,5.20000882053297
2018-04-09T17:52:36.193,5.92e-05,5.949e-05,5.92e-05,179.88161458,229,383,6740.0,5722,4399,2803.48219886,0.39900800000000003,1.390510559431323,7.367214492072225
2018-04-09T17:53:07.45,5.8e-05,5.9e-05,5.801e-05,181.48546711,213,388,6746.00000007,5733,4398,2803.26854004,0.39126800000406003,0.5031862370988027,5.964826368715521
2018-04-09T17:53:37.887,5.753e-05,5.725e-05,5.708e-05,182.61719899,201,394,6740.0,5728,4398,2803.58054004,0.3877522,3.344075244683701,4.825490654344272
2018-04-09T17:54:09.337,5.753e-05,5.753e-05,5.725e-05,185.2397143,212,397,6746.00000007,5729,4411,2799.76179096,0.3880973800040271,2.8570638487139286,2.3594003431421555
2018-04-09T17:55:13.547,5.753e-05,5.799e-05,5.71e-05,186.93972737,224,394,6740.0,5731,4411,2797.92656509,0.3877522,1.9493772166754668,5.606242574190047
2018-04-09T17:55:45.39,5.797e-05,5.796e-05,5.711e-05,187.39362464,232,406,6745.0,5735,4411,2798.04626532,0.39100765000000004,1.7899415958934441,5.187039976525528
2018-04-09T17:56:17.28,5.719e-05,5.792e-05,5.72e-05,187.45778306,235,411,6750.0,5742,4410,2800.2092715,0.3860325,1.4669922876151946,5.439450184888462
2018-04-09T17:56:48.323,5.75e-05,5.792e-05,5.721e-05,187.74528306,238,418,6750.00000004,5743,4412,2800.48744906,0.3881250000023,1.3315705680600796,4.930297993461091
2018-04-09T17:57:19.173,5.75e-05,5.75e-05,5.73e-05,187.94391457,239,420,6720.0,5741,4413,2800.96161713,0.3864,1.151208088001303,2.3550750040950716
2018-04-09T17:57:50.053,5.72e-05,5.72e-05,5.719e-05,188.06256646,238,420,6720.0,5740,4416,2800.82937436,0.384384,1.416427234116149,2.1145586510346543
2018-04-09T17:58:22.357,5.72e-05,5.794e-05,5.721e-05,188.55114064,242,418,6720.00000001,5745,4405,2802.81836542,0.384384000000572,1.307285585121476,2.0811702109600394
2018-04-09T17:58:53.907,5.75e-05,5.789e-05,5.75e-05,188.56539015,246,425,6740.0,5747,4405,2802.82323089,0.38755,1.234322622242049,4.961852128024363
2018-04-09T17:59:21.23,5.75e-05,5.783e-05,5.72e-05,188.56539015,246,425,6720.0,5739,4406,2806.53931068,0.3864,1.765568774591732,1.4379494774009607
2018-04-09T17:59:56.527,5.73e-05,5.779e-05,5.73e-05,188.74228849,260,430,6715.643,5738,4405,2806.55031068,0.38480634389999996,1.3693470519040596,4.4183927598354575
2018-04-09T18:00:24.553,5.75e-05,5.75e-05,5.73e-05,188.79600665,258,437,6715.643,5735,4405,2806.68645543,0.38614947250000003,1.3044431403599375,4.730907294962798
2018-04-09T18:00:59.517,5.75e-05,5.8e-05,5.75e-05,189.03244508,265,443,6716.00000007,5734,4407,2805.04772289,0.386170000004025,1.6430051554160165,1.4210651531164862
2018-04-09T18:01:30.537,5.75e-05,5.8e-05,5.76e-05,189.03244508,265,443,6715.643,5734,4409,2805.6814181,0.38614947250000003,1.5377695198973909,4.231261348130488
2018-04-09T18:02:03.077,5.808e-05,5.808e-05,5.76e-05,189.06514035,270,442,6749.0,5733,4408,2805.70828357,0.39198192,1.3745662662200504,4.3380112327915175
2018-04-09T18:02:34.567,5.908e-05,5.95e-05,5.92e-05,190.14006992,274,443,6715.643,5731,4407,2805.74970387,0.39676018844,0.3920423649193501,4.828450084957229
2018-04-09T18:03:05.567,5.95e-05,5.989e-05,5.983e-05,191.34006422,275,436,6749.0,5733,4410,2805.67354801,0.4015655,2.392611479110516,1.3180538833941138
2018-04-09T18:03:37.023,6.185e-05,6.208e-05,6.2e-05,202.46458425,286,410,6749.0,5733,4410,2805.67354801,0.41742565,4.3214922662766,1.3021977738821748
2018-04-09T18:04:08.563,6.209e-05,6.208e-05,6.101e-05,217.86815429,279,380,6750.0,5731,4407,2806.27100641,0.41910749999999997,2.5228397132458054,4.498122461119646
2018-04-09T18:04:39.807,6.288e-05,6.28e-05,6.212e-05,221.62799698,289,372,6750.0,5731,4407,2806.27100641,0.42444,2.557568978071683,2.168093362872308
2018-04-09T18:05:44.593,6.369e-05,6.389e-05,6.369e-05,230.88965943,300,357,6715.0,5731,4407,2806.37804153,0.42767835,2.4869877150520465,2.1228046350816037
2018-04-09T18:06:16.22,6.39e-05,6.39e-05,6.37e-05,237.83536299,302,356,6715.0,5731,4407,2806.37804153,0.4290885,4.020310681450298,3.585779354017053
2018-04-09T18:06:47.08,6.37e-05,6.434e-05,6.401e-05,240.87417284,308,353,6747.0,5740,4407,2805.9066735,0.4297839,4.713766627018216,1.9269373358043649
2018-04-09T18:07:17.97,6.469e-05,6.448e-05,6.39e-05,247.60817432,305,355,6747.0,5739,4406,2806.24868246,0.43646343000000004,1.6145310579471714,4.973353734540389
2018-04-09T18:07:49.92,6.151e-05,6.209e-05,6.153e-05,255.45430177,292,363,6747.0,5739,4406,2806.24868246,0.41500797,2.623318054391853,2.807178199057337
2018-04-09T18:08:22.11,6.229e-05,6.229e-05,6.187e-05,257.88536333,314,367,6747.0,5739,4406,2806.24868246,0.42027063000000003,1.4439361018105032,4.378189093829593
2018-04-09T18:08:53.17,6.364e-05,6.359e-05,6.283e-05,266.00286328,323,371,6717.2403,5748,4408,2803.14468765,0.427485172692,1.973646193564628,4.061415588180138
2018-04-09T18:09:25.377,6.349e-05,6.347e-05,6.299e-05,270.28098765,321,375,6717.3403,5745,4409,2802.51168011,0.426483935647,1.846553822433048,3.6294257775332737
2018-04-09T18:09:56.33,6.28e-05,6.345e-05,6.28e-05,275.63915834,314,374,6746.99999999,5747,4407,2802.5133194,0.42371159999937197,2.0125115765465935,4.37571346920162
2018-04-09T18:10:26.907,6.338e-05,6.335e-05,6.291e-05,276.68853986,325,383,6720.0,5747,4408,2803.10176999,0.42591360000000006,1.6577269971788935,4.049515007415747
2018-04-09T18:10:58.093,6.33e-05,6.334e-05,6.33e-05,278.27413197,326,378,6720.0,5747,4408,2803.10176999,0.425376,2.202297602276271,2.783951326086286
2018-04-09T18:11:31.267,6.469e-05,6.578e-05,6.5e-05,285.47126186,339,347,6717.3403,5750,4407,2804.47983677,0.43454474400700005,4.560102330226645,3.014336160143758
2018-04-09T18:12:02.22,6.493e-05,6.493e-05,6.469e-05,297.20483321,323,331,6717.3403,5750,4407,2804.47983677,0.436156905679,0.9829970042288133,3.3164147983972354
2018-04-09T18:12:33.64,6.55e-05,6.55e-05,6.505e-05,298.52858649,331,334,6744.0,5753,4410,2803.9482154,0.44173200000000007,0.8749067299372361,5.888957397523261
2018-04-09T18:13:05.483,6.598e-05,6.598e-05,6.551e-05,305.23597174,334,329,6717.60000002,5755,4410,2804.69804681,0.44322724800131963,1.953269647055691,4.026159397070767
2018-04-09T18:13:36.157,6.666e-05,6.666e-05,6.656e-05,313.89044199,330,332,6730.0,5754,4408,2808.86254294,0.4486218,0.9762282339369541,4.76365667186493
2018-04-09T18:14:07.58,6.496e-05,6.308e-05,6.284e-05,315.94296735,313,344,6750.0,5757,4402,2810.48667305,0.43848000000000004,0.8986319407824929,12.038844710576269
2018-04-09T18:14:38.907,6.399e-05,6.47e-05,6.41e-05,317.79391944,328,346,6750.00000004,5758,4403,2809.51730051,0.43193250000255956,2.641623971800115,10.398960693275283
2018-04-09T18:15:09.953,6.399e-05,6.399e-05,6.309e-05,321.49341603,327,350,6750.00000004,5758,4402,2809.93707495,0.43193250000255956,2.113467721276256,11.210765447778712
2018-04-09T18:16:15.42,6.35e-05,6.35e-05,6.3e-05,327.3896145,339,362,6724.382,5758,4401,2811.11608538,0.426998257,1.7347059797096789,2.823243955888323
2018-04-09T18:16:46.72,6.378e-05,6.395e-05,6.378e-05,328.45685953,349,363,6746.99999999,5759,4405,2811.01610259,0.43032365999936223,3.0893802474635597,15.910028241683143
2018-04-09T18:17:18.017,6.31e-05,6.376e-05,6.311e-05,331.14766272,341,371,6745.0,5756,4403,2811.15201846,0.42560950000000003,3.1512431686054665,1.6752645627219735
2018-04-09T18:17:49.017,6.311e-05,6.312e-05,6.253e-05,333.66312458,340,371,6745.0,5761,4406,2811.13979181,0.42567695,0.9692940017405025,1.7767514562511235
2018-04-09T18:18:20.08,6.255e-05,6.309e-05,6.255e-05,337.0844934,341,384,6742.0,5761,4407,2811.14084181,0.42171210000000003,1.6661849521796483,1.3712166234598255
2018-04-09T18:18:51.59,6.4e-05,6.399e-05,6.351e-05,338.2985675,349,385,6741.0,5760,4407,2811.42169337,0.431424,0.8268147746457697,11.666017589661077
2018-04-09T18:19:31.763,6.394e-05,6.392e-05,6.355e-05,339.6399253,354,391,6724.62241001,5759,4406,2813.66234556,0.4299723568960394,0.9691778503580701,10.84408526684841
2018-04-09T18:20:03.6,6.352e-05,6.35e-05,6.31e-05,340.45899133,348,371,6721.47222,5757,4404,2813.95299227,0.42694791541439997,1.5772175987705284,10.56201638405301
2018-04-09T18:20:32.35,6.35e-05,6.35e-05,6.31e-05,340.63294048,347,377,6721.606045,5760,4403,2814.5417531,0.42682198385750003,1.3171896173633757,2.2024322415458446
2018-04-09T18:21:04.79,6.31e-05,6.348e-05,6.311e-05,340.76456923,344,388,6721.606045,5762,4406,2814.86866555,0.42413334143950004,1.1328000111183498,3.056153584050652
2018-04-09T18:21:37.05,6.176e-05,6.28e-05,6.255e-05,342.52261241,318,403,6744.0,5762,4405,2815.00004583,0.41650944,0.6939825612485755,1.1473171529984723
2018-04-09T18:22:07.827,6.2e-05,6.28e-05,6.255e-05,344.44551125,333,408,6725.0,5761,4406,2814.98182192,0.41695000000000004,1.4285480060182045,0.9694312995449433
2018-04-09T18:22:38.293,6.308e-05,6.306e-05,6.283e-05,345.46844229,339,404,6744.0,5765,4406,2814.98145718,0.42541152,1.1773365810260334,1.2314646119686434
2018-04-09T18:23:10.243,6.308e-05,6.331e-05,6.308e-05,346.0898314,346,408,6744.0,5766,4405,2814.45960296,0.42541152,2.109974440342154,2.8846807805903385
2018-04-09T18:23:41.14,6.308e-05,6.307e-05,6.209e-05,347.33997602,341,408,6740.0,5764,4401,2814.71908398,0.4251592,1.2637123374783346,2.968692076407559
2018-04-09T18:24:13.227,6.3e-05,6.308e-05,6.3e-05,347.34459146,351,408,6744.0,5763,4400,2814.68870276,0.42487199999999997,2.978540129606746,2.9728918500994572
2018-04-09T18:24:44.643,6.332e-05,6.308e-05,6.223e-05,348.02920475,355,414,6731.55109,5764,4400,2817.16113651,0.4262418150188,3.7534289497750173,1.6605572931990946
2018-04-09T18:25:16.137,6.305e-05,6.308e-05,6.226e-05,348.09825487,358,420,6744.0,5768,4401,2817.29749666,0.4252092,4.245375700180183,2.7221963854348883
2018-04-09T18:25:47.1,6.299e-05,6.299e-05,6.227e-05,349.0055017,364,421,6731.55109,5768,4400,2817.88633533,0.42402040315910006,3.8596595544580037,2.6641587648859733
2018-04-09T18:26:44.837,6.305e-05,6.332e-05,6.305e-05,351.5821435,373,419,6750.00000004,5770,4397,2818.27873143,0.425587500002522,1.8360187716869731,2.4384698587400555
2018-04-09T18:27:15.927,6.332e-05,6.355e-05,6.306e-05,351.81269367,372,416,6750.00000004,5770,4397,2818.27873143,0.42741000000253276,1.5412267986440789,2.349440678152812
2018-04-09T18:27:47.767,6.359e-05,6.36e-05,6.359e-05,352.2240492,379,413,6750.00000004,5766,4400,2819.2775257,0.4292325000025436,0.9562962014011102,2.1094298141024805
2018-04-09T18:28:18.293,6.393e-05,6.393e-05,6.363e-05,353.12041,373,409,6750.00000004,5766,4398,2820.36460875,0.43152750000255724,0.48095653506539926,1.7007900037825427
2018-04-09T18:28:51.183,6.393e-05,6.393e-05,6.355e-05,353.32346951,371,413,6750.00000004,5767,4404,2820.489337,0.43152750000255724,0.7335682950059985,1.782458428463129
2018-04-09T18:29:19.117,6.389e-05,6.389e-05,6.355e-05,353.49408435,374,418,6750.00000004,5768,4405,2818.64695843,0.4312575000025556,1.592272310836387,1.7637824380050318
2018-04-09T18:29:52.093,6.4e-05,6.393e-05,6.307e-05,355.38378937,376,406,6750.00000004,5771,4407,2818.6653299,0.43200000000255995,1.8666380394259412,0.8927079380462415
2018-04-09T18:30:25.15,6.407e-05,6.407e-05,6.363e-05,355.47684615,380,412,6750.00000004,5771,4408,2820.27558354,0.43247250000256277,1.9985326127591143,0.8691592512716235
2018-04-09T18:30:56.297,6.467e-05,6.409e-05,6.35e-05,355.92655062,382,411,6731.55109,5767,4411,2822.62437178,0.43532940899030004,0.8759525064235559,1.4180529118034837
2018-04-09T18:31:26.833,6.49e-05,6.389e-05,6.361e-05,357.78790307,387,398,6731.55109,5767,4411,2824.81185959,0.436877665741,2.1870323210653186,1.455060745462462
2018-04-09T18:31:55.497,6.466e-05,6.466e-05,6.465e-05,357.92964062,401,406,6731.55109,5770,4409,2824.81290959,0.4352620934794,1.4387128945039616,9.78802394912279
2018-04-09T18:32:30.587,6.465e-05,6.466e-05,6.465e-05,358.82207745,396,406,6731.55109,5775,4427,2827.21904544,0.4351947779685,1.9994724731078373,0.8261843008310702
2018-04-09T18:33:02.143,6.49e-05,6.49e-05,6.466e-05,360.33709447,397,392,6749.0,5779,4423,2829.14983195,0.4380101,1.0852895168537104,9.586671802274108
2018-04-09T18:33:33.673,6.487e-05,6.487e-05,6.47e-05,360.67739733,391,393,6750.00000004,5777,4421,2830.0424419,0.43787250000259476,1.967996717567781,10.205393477288577
2018-04-09T18:34:06.48,6.6e-05,6.648e-05,6.6e-05,374.69996945,391,370,6752.02500004,5777,4419,2831.20098581,0.44563365000264005,8.360685297837012,1.2916122647084445
2018-04-09T18:34:38.053,6.648e-05,6.589e-05,6.466e-05,377.01172694,373,378,6752.02500004,5777,4419,2831.20098581,0.4488746220026592,2.268704904238826,1.62800800389926
2018-04-09T18:35:08.863,6.53e-05,6.53e-05,6.473e-05,379.51060044,389,388,6750.0,5777,4429,2830.79926324,0.44077500000000003,0.4736392734170336,1.369679747414267
2018-04-09T18:35:40.517,6.42e-05,6.392e-05,6.313e-05,383.87941492,374,385,6752.02500004,5775,4430,2831.47569102,0.433480005002568,1.5245295495398135,3.7508923972075863
2018-04-09T18:36:12.933,6.322e-05,6.321e-05,6.32e-05,390.0219259,369,400,6752.02500004,5773,4429,2832.24520107,0.4268630205025288,1.9612772660110125,2.710805290119888
2018-04-09T18:37:14.947,6.314e-05,6.315e-05,6.314e-05,400.70686063,381,422,6763.0,5776,4425,2831.68358745,0.42701582,1.1969950567015897,1.6995833594155283
2018-04-09T18:37:47.047,6.396e-05,6.408e-05,6.4e-05,404.32809312,384,421,6752.0,5777,4425,2831.69958745,0.43185792,1.5524066905437046,1.6297682118017727
2018-04-09T18:38:18.21,6.314e-05,6.58e-05,6.553e-05,405.13245281,371,421,6763.00000001,5778,4424,2831.79311075,0.4270158200006314,3.5834050753290194,4.101923394137584
2018-04-09T18:38:49.68,6.474e-05,6.47e-05,6.408e-05,409.18692683,387,437,6763.00000001,5780,4418,2831.96311075,0.4378366200006473,1.2488050825377737,2.4175736087524684
2018-04-09T18:39:20.787,6.469e-05,6.465e-05,6.37e-05,410.57789339,391,432,6764.29899999,5779,4415,2831.91415943,0.43758250230935314,1.72730814067805,1.24562558440137
2018-04-09T18:39:52.207,6.3e-05,6.45e-05,6.35e-05,414.07324947,376,448,6727.00000002,5778,4413,2831.77974192,0.42380100000126,1.783559400010441,2.5282472199722164
2018-04-09T18:40:23.52,6.33e-05,6.4e-05,6.331e-05,415.38466241,391,451,6764.0,5779,4413,2831.36603569,0.42816119999999996,4.273376795533923,1.8820395834796664
2018-04-09T18:40:54.177,6.408e-05,6.406e-05,6.35e-05,417.06846601,393,450,6730.0,5784,4413,2831.45034446,0.4312584,1.368313095521946,1.744987835029811
2018-04-09T18:41:26.407,6.335e-05,6.395e-05,6.335e-05,418.58528021,392,462,6768.3231,5779,4410,2831.30362215,0.42877326838499996,3.7529344109408163,6.26728968864555
2018-04-09T18:41:58.41,6.335e-05,6.391e-05,6.335e-05,420.07288378,399,467,6768.3231,5778,4411,2831.30662215,0.42877326838499996,1.1438038249106783,5.6236219291861245
2018-04-09T18:42:29.85,6.3e-05,6.376e-05,6.301e-05,421.33826681,392,466,6768.3231,5779,4412,2834.67827798,0.4264043553,3.7197428886754684,1.5373446701343332
2018-04-09T18:43:01.397,6.3e-05,6.36e-05,6.302e-05,422.11485604,392,469,6773.999,5781,4410,2834.99089047,0.426761937,2.330833674194324,0.6618736605574631
2018-04-09T18:43:33.493,6.359e-05,6.358e-05,6.303e-05,422.58286568,380,479,6773.999,5779,4418,2836.80215995,0.43075859641,1.8142646771860065,1.034508534258774
2018-04-09T18:44:06.173,6.303e-05,6.355e-05,6.303e-05,423.54237439,380,483,6768.3231,5777,4420,2836.7272075,0.426607404993,2.089683466566023,1.4306393492809673
2018-04-09T18:44:37.277,6.354e-05,6.353e-05,6.303e-05,424.15109891,382,479,6728.44772011,5783,4425,2836.82353525,0.4275255681357894,1.7380856653442964,1.4791490523672484
2018-04-09T18:45:09.05,6.359e-05,6.359e-05,6.354e-05,424.59617067,392,476,6728.44772011,5783,4425,2836.82353525,0.4278619905217949,0.7841205677561524,1.2671784343808232
2018-04-09T18:45:42.98,6.271e-05,6.3e-05,6.281e-05,425.73808777,377,479,6765.0,5785,4425,2837.74278116,0.42423315,4.696830723041662,1.4182179627326832
2018-04-09T18:46:14.967,6.359e-05,6.355e-05,6.302e-05,426.72335054,380,482,6765.0,5785,4425,2837.74278116,0.43018635000000005,3.195321026381789,1.5130867111704835
2018-04-09T18:46:47.373,6.355e-05,6.353e-05,6.302e-05,427.77495429,377,482,6763.96660451,5789,4426,2836.79969973,0.4298500777166105,5.08809665552204,4.461448283313845
2018-04-09T18:47:43.8,6.302e-05,6.302e-05,6.28e-05,429.61763029,380,493,6763.9666045,5787,4426,2837.35454158,0.42626517541559006,3.333299921214813,2.315708668274535
2018-04-09T18:48:16.63,6.302e-05,6.302e-05,6.28e-05,430.45913953,377,493,6763.9666045,5789,4426,2837.68438581,0.42626517541559006,2.370827754388976,1.0751820813562714
2018-04-09T18:48:48.797,6.343e-05,6.345e-05,6.343e-05,431.5267269,386,485,6763.96660453,5789,4425,2838.1143054,0.42903840172533786,1.103281565492796,1.8779942123431188
2018-04-09T18:49:19.793,6.34e-05,6.34e-05,6.302e-05,433.88729636,383,479,6763.96660453,5789,4425,2838.1143054,0.42883548272720196,1.3063766780626627,2.497798154175406
2018-04-09T18:49:51.337,6.352e-05,6.352e-05,6.345e-05,435.39782294,385,477,6765.0,5785,4413,2837.76148026,0.4297128,0.8991421197255121,1.793439587293141
2018-04-09T18:50:22.83,6.304e-05,6.345e-05,6.304e-05,435.67491387,386,489,6773.99899951,5786,4412,2837.94829111,0.42703289692911045,0.7274562508128452,1.5926405703026694
2018-04-09T18:50:53.04,6.351e-05,6.351e-05,6.307e-05,436.31998429,386,482,6764.0,5784,4413,2835.71144884,0.42958163999999993,0.7702487795452937,1.782790976882337
2018-04-09T18:51:25.307,6.35e-05,6.351e-05,6.309e-05,438.80434226,388,479,6773.999,5787,4411,2837.64231846,0.43014893649999997,0.9525016938224948,1.7601467076187718
2018-04-09T18:51:56.947,6.4e-05,6.398e-05,6.318e-05,439.64081084,389,480,6773.999,5787,4411,2838.9696387,0.43353593599999996,1.1652404273366237,2.4213295875560648
2018-04-09T18:52:26.973,6.352e-05,6.35e-05,6.318e-05,440.22130928,384,490,6773.99899999,5789,4412,2838.9562955,0.43028441647936483,0.9535629757419655,2.303293400272888
2018-04-09T18:52:59.45,6.35e-05,6.35e-05,6.316e-05,440.54816457,386,487,6764.0,5787,4410,2838.87108112,0.429514,3.0789329815715076,1.5606400977393347
2018-04-09T18:53:29.677,6.313e-05,6.313e-05,6.312e-05,441.05800739,386,489,6773.99899998,5790,4411,2838.34747174,0.4276425568687374,2.9085145573118365,2.5045503341479485
2018-04-09T18:53:59.783,6.313e-05,6.313e-05,6.312e-05,441.95847428,393,492,6764.0,5786,4413,2838.47340653,0.42701132,2.9835416494871616,2.0291151134034635
2018-04-09T18:54:32.35,6.348e-05,6.348e-05,6.313e-05,442.08930545,404,494,6764.0,5787,4412,2839.15049269,0.42937872,4.450331455339634,4.5698926860886875
2018-04-09T18:55:05.153,6.35e-05,6.395e-05,6.35e-05,443.43007955,400,497,6763.9666045,5787,4410,2841.60413031,0.42951187938575003,1.6415587008101666,2.4161460408761215
2018-04-09T18:55:38.12,6.395e-05,6.395e-05,6.32e-05,444.50421448,405,497,6736.999,5786,4413,2844.24796498,0.43083108605,1.595479763642015,4.450897423537236
2018-04-09T18:56:08.52,6.392e-05,6.392e-05,6.33e-05,444.50789389,407,498,6736.999,5786,4413,2844.24796498,0.43062897607999995,3.0138433045728146,1.7002492579601183
2018-04-09T18:56:40.65,6.314e-05,6.321e-05,6.314e-05,445.64185153,398,500,6736.999,5783,4412,2844.41352975,0.42537411685999993,2.4953055223774623,2.482008294426968
2018-04-09T18:57:12.553,6.3e-05,6.39e-05,6.3e-05,448.93827698,377,500,6728.44772007,5784,4412,2844.60995717,0.42389220636441,1.7185041371517975,4.120367370958091
2018-04-09T18:58:14.313,6.3e-05,6.323e-05,6.3e-05,450.27225991,384,514,6736.999,5785,4415,2844.66959185,0.424430937,2.1111380022610295,3.226057573564622
2018-04-09T18:58:47.51,6.284e-05,6.3e-05,6.277e-05,452.03302423,383,519,6736.999,5785,4414,2844.62809729,0.42335301716,2.1431705879042102,1.59531527905365
2018-04-09T18:59:19.613,6.3e-05,6.3e-05,6.285e-05,453.71588405,380,518,6736.999,5785,4409,2844.62914729,0.424430937,3.0874845720874013,1.574454679237934
2018-04-09T18:59:49.677,6.358e-05,6.36e-05,6.285e-05,454.48703605,387,523,6736.999,5784,4401,2844.01342359,0.42833839642,2.968518145225899,1.9524623303348518
2018-04-09T19:00:21.987,6.355e-05,6.355e-05,6.303e-05,454.76681584,390,528,6736.999,5779,4397,2844.84303975,0.42813628644999996,3.010783307334325,1.534331276001897
2018-04-09T19:00:54.15,6.25e-05,6.261e-05,6.25e-05,459.92094324,360,533,6736.999,5778,4402,2845.00824349,0.4210624375,3.1633496248919437,1.2624576578945348
2018-04-09T19:01:24.62,6.259e-05,6.261e-05,6.26e-05,460.00201264,362,537,6725.0,5778,4405,2844.83930299,0.42091775,4.926199819565234,1.3378725188759413
2018-04-09T19:01:56.897,6.209e-05,6.26e-05,6.209e-05,462.06800564,357,535,6736.999,5782,4407,2842.87080505,0.41830026790999997,3.5573491351897544,1.9890637360402366
2018-04-09T19:02:26.493,6.296e-05,6.296e-05,6.295e-05,462.55200345,364,538,6736.999,5784,4403,2843.02426129,0.42416145703999997,8.706787602455476,1.0407184157254048
2018-04-09T19:02:58.67,6.33e-05,6.291e-05,6.223e-05,462.77379105,370,535,6734.0,5783,4409,2843.10333865,0.4262622,9.301641752651483,2.0405045824455637
2018-04-09T19:03:31.01,6.293e-05,6.293e-05,6.251e-05,462.82228859,376,536,6725.0,5781,4411,2843.05175298,0.42320424999999995,2.9025696804884706,2.053547695378849
2018-04-09T19:04:02.697,6.293e-05,6.315e-05,6.293e-05,463.19677177,380,540,6734.0,5779,4413,2843.03888082,0.42377062,2.207342120890744,1.8983115292141879
2018-04-09T19:04:32.58,6.293e-05,6.315e-05,6.293e-05,463.22673311,380,545,6734.0,5779,4416,2843.04239814,0.42377062,1.527480032035542,2.163671048155212
2018-04-09T19:05:02.03,6.25e-05,6.29e-05,6.27e-05,463.86995994,372,546,6734.0,5777,4412,2843.172926,0.420875,2.14657672790891,2.200186731411889
2018-04-09T19:05:35.623,6.251e-05,6.251e-05,6.225e-05,465.20463548,374,551,6734.0,5777,4412,2843.13991027,0.42094233999999997,1.5485367364363625,1.8348697772243934
2018-04-09T19:06:09.907,6.224e-05,6.251e-05,6.225e-05,465.52365298,375,549,6734.0,5779,4414,2843.22984713,0.41912416,1.952562557287903,1.0451128828317309
2018-04-09T19:06:40.69,6.251e-05,6.251e-05,6.225e-05,465.79831249,378,552,6734.0,5780,4416,2843.30503468,0.42094233999999997,7.38011843718077,1.4822825487763476
2018-04-09T19:07:12.233,6.227e-05,6.25e-05,6.227e-05,465.92743005,382,557,6734.0,5781,4417,2843.97871467,0.41932618,7.25455190187107,1.0649275122306234
2018-04-09T19:07:39.517,6.251e-05,6.29e-05,6.251e-05,465.98978512,384,558,6734.0,5781,4417,2844.36052844,0.42094233999999997,0.8997830358015948,2.045272593759713
2018-04-09T19:08:46.78,6.251e-05,6.281e-05,6.251e-05,467.15190353,370,551,6734.0,5785,4417,2844.44974392,0.42094233999999997,2.158115673962256,1.4427510913159762
2018-04-09T19:09:18.653,6.281e-05,6.29e-05,6.281e-05,467.51161257,378,550,6734.0,5785,4421,2844.53179715,0.42296254,2.732509668356807,1.6534673056724558
2018-04-09T19:09:49.013,6.281e-05,6.29e-05,6.281e-05,467.62117501,380,551,6734.0,5782,4424,2845.08920359,0.42296254,2.612982949782926,1.918182933995736
2018-04-09T19:10:20.573,6.281e-05,6.29e-05,6.281e-05,467.89403341,383,542,6733.0,5782,4425,2845.09831174,0.42289973000000003,2.2597034593926506,1.9877538713846363
2018-04-09T19:10:47.55,6.28e-05,6.221e-05,6.22e-05,467.92327251,386,546,6733.0,5780,4427,2846.32355352,0.42283239999999994,2.6612112515340254,2.0449688689347494
2018-04-09T19:11:24.803,6.28e-05,6.307e-05,6.3e-05,468.84929953,382,545,6720.0,5779,4425,2846.96855352,0.42201599999999995,3.2167568329543674,1.1365381272096038
2018-04-09T19:11:57.293,6.307e-05,6.314e-05,6.307e-05,470.39497306,393,538,6720.95897,5778,4423,2847.08098827,0.4238908822379,2.35686790391968,1.0756258112862371
2018-04-09T19:12:28.4,6.324e-05,6.336e-05,6.33e-05,470.76089363,397,534,6720.0,5777,4422,2847.19927986,0.4249728,1.1164966456536893,2.310427006895265
2018-04-09T19:13:00.61,6.345e-05,6.35e-05,6.315e-05,472.61611332,391,527,6721.0,5783,4423,2844.03587401,0.42644745,3.727981907166492,3.360549918345524
2018-04-09T19:13:31.73,6.39e-05,6.39e-05,6.389e-05,472.86156144,398,527,6733.0,5780,4426,2843.62671097,0.4302387,7.084142713345256,3.774073785172467
2018-04-09T19:14:03.867,6.449e-05,6.4e-05,6.39e-05,475.56571219,400,516,6724.731915,5783,4425,2843.92157665,0.43367796119835,4.040354424268503,0.8379678043342652
2018-04-09T19:14:34.45,6.4e-05,6.448e-05,6.4e-05,475.72089516,401,521,6732.0,5785,4425,2844.23553122,0.43084799999999995,1.1623432455289737,1.1455939213749522
2018-04-09T19:15:05.847,6.378e-05,6.408e-05,6.378e-05,476.74541019,395,524,6732.0,5783,4424,2844.07085407,0.42936696,1.1163360853847308,1.1646638933089324
2018-04-09T19:15:36.973,6.303e-05,6.407e-05,6.304e-05,477.67974718,389,531,6732.0,5783,4425,2844.83153724,0.42431796,2.2241639132419637,1.5734673473870469
2018-04-09T19:16:10.147,6.399e-05,6.4e-05,6.399e-05,477.80599044,403,531,6732.0,5783,4427,2845.37734674,0.43078068,1.003765159504711,1.700282718988964
2018-04-09T19:16:41.453,6.399e-05,6.399e-05,6.35e-05,477.9618049,403,530,6732.0,5781,4425,2846.23831267,0.43078068,1.7941875642894087,1.780193704946752
2018-04-09T19:17:12.93,6.399e-05,6.4e-05,6.399e-05,478.09574206,406,524,6732.0,5782,4425,2845.76439849,0.43078068,2.697326127895327,1.5179569164248297
2018-04-09T19:17:44.473,6.397e-05,6.398e-05,6.35e-05,478.13066654,410,525,6733.0,5782,4427,2845.88482069,0.43071001,3.3803894512725345,1.4723085226691508
2018-04-09T19:18:15.58,6.397e-05,6.397e-05,6.372e-05,478.48390326,413,528,6730.0,5784,4427,2846.45170218,0.4305181,2.1500489854028437,1.4339225297337217
2018-04-09T19:19:16.193,6.408e-05,6.422e-05,6.408e-05,479.84084128,412,522,6733.0,5783,4429,2846.42276087,0.43145064,1.0401161974873472,3.50534741725531
2018-04-09T19:19:47.78,6.408e-05,6.408e-05,6.398e-05,479.94207273,412,524,6733.0,5788,4430,2843.44765719,0.43145064,1.0115243775480613,3.950927630292839
2018-04-09T19:20:18.353,6.407e-05,6.407e-05,6.398e-05,480.37575094,411,524,6730.0,5790,4430,2844.10444058,0.4311911,1.0233664256731307,1.9529293825680953
2018-04-09T19:20:50.27,6.398e-05,6.398e-05,6.397e-05,480.4670134,408,526,6730.0,5790,4430,2844.10444058,0.43058539999999995,6.086748909776,3.0384617200887303
2018-04-09T19:21:22.82,6.399e-05,6.399e-05,6.397e-05,482.722163,405,526,6730.0,5791,4430,2844.79917007,0.4306527,5.2479990062730195,3.213698265080087
2018-04-09T19:21:52.61,6.4e-05,6.407e-05,6.4e-05,484.29522997,411,524,6730.0,5791,4430,2844.79917007,0.43072,7.639071846435341,1.86382407631486
2018-04-09T19:22:23.573,6.4e-05,6.407e-05,6.4e-05,484.93815255,407,527,6730.0,5793,4431,2844.97076411,0.43072,1.2907789048449227,1.8601475905650255
2018-04-09T19:22:58.5,6.407e-05,6.407e-05,6.402e-05,485.36027803,411,526,6730.0,5793,4431,2844.97076411,0.4311911,6.913309443153404,1.7397518909179566
2018-04-09T19:23:29.117,6.407e-05,6.408e-05,6.407e-05,485.71254843,400,521,6735.0,5794,4428,2845.01516864,0.43151145,1.9969123761015293,1.506820761644517
2018-04-09T19:24:02.38,6.444e-05,6.444e-05,6.408e-05,486.18217202,403,518,6736.999,5792,4429,2845.86425468,0.43413221556,5.832747144120177,1.455411714588623
2018-04-09T19:24:33.923,6.458e-05,6.474e-05,6.458e-05,486.71556019,408,512,6736.999,5791,4430,2845.72809095,0.43507539541999996,3.2087086938172313,1.1350761704386005
2018-04-09T19:25:04.3,6.5e-05,6.508e-05,6.5e-05,488.35731904,404,500,6726.0,5789,4441,2846.06496165,0.43718999999999997,0.7437580492731455,1.2040193978628666
2018-04-09T19:25:35.383,6.625e-05,6.63e-05,6.625e-05,490.48278977,410,486,6736.999,5793,4441,2846.0791676,0.44632618375,1.0825660107601744,3.8544428848435413
2018-04-09T19:26:06.813,6.6e-05,6.6e-05,6.5e-05,494.35853968,406,496,6726.0,5791,4442,2845.99178434,0.44391600000000003,0.6964336463350405,4.210874892736911
2018-04-09T19:26:39.28,6.599e-05,6.597e-05,6.526e-05,496.85629555,412,489,6726.0,5794,4442,2846.33775398,0.44384873999999996,2.393785569531931,3.3688474245190196
2018-04-09T19:27:10.363,6.526e-05,6.524e-05,6.5e-05,497.95444363,421,494,6736.999,5793,4442,2846.33880398,0.4396565547399999,1.4690840652955968,7.273870924998254
2018-04-09T19:27:41.673,6.608e-05,6.66e-05,6.61e-05,506.26713925,429,475,6717.3403,5785,4444,2846.8482237,0.443881847024,2.6273795040105092,5.057422011408342
2018-04-09T19:28:12.52,6.6e-05,6.6e-05,6.509e-05,507.97508531,425,481,6717.3403,5786,4442,2847.07881863,0.44334445980000003,2.838113182022902,3.8348024582778972
2018-04-09T19:28:43.303,6.6e-05,6.6e-05,6.52e-05,512.4709722,420,481,6717.3403,5786,4442,2847.89881863,0.44334445980000003,3.146938617188626,5.054378547878631
2018-04-09T19:29:48.263,6.599e-05,6.61e-05,6.599e-05,515.44711445,430,498,6717.3403,5786,4442,2847.07881863,0.443277286397,1.6240663358852427,2.678086685281467
2018-04-09T19:30:20.593,6.599e-05,6.63e-05,6.629e-05,516.02230277,431,499,6723.0,5792,4433,2847.76184169,0.44365076999999997,2.8534412576115447,2.8618384516115274
2018-04-09T19:30:51.427,6.643e-05,6.643e-05,6.6e-05,517.25583884,428,497,6717.3403,5788,4435,2848.15197267,0.44623291612899996,1.5430426662734853,4.190809160143967
2018-04-09T19:31:22.963,6.645e-05,6.643e-05,6.599e-05,520.42779309,425,505,6723.0,5790,4432,2848.32823361,0.44674335000000004,0.9194823452012452,1.9689086345596063
2018-04-09T19:31:54.18,6.6e-05,6.629e-05,6.6e-05,521.45595728,427,502,6715.58999,5782,4431,2848.8418444,0.44322893934000007,0.5805776951397382,3.0834866706537096
2018-04-09T19:32:25.92,6.6e-05,6.6e-05,6.559e-05,521.97349593,426,509,6715.58999,5782,4433,2849.21485409,0.44322893934000007,0.8114068250104922,3.3385179322705505
2018-04-09T19:32:55.667,6.61e-05,6.63e-05,6.611e-05,522.56900439,431,506,6720.0,5785,4433,2849.18721601,0.444192,2.97276434666303,1.5318741573225658
2018-04-09T19:33:28.13,6.668e-05,6.668e-05,6.63e-05,525.5854601,427,503,6736.999,5785,4432,2848.83272302,0.44922309332000004,3.0203084188222595,5.0866077725726715
2018-04-09T19:34:00.657,6.68e-05,6.69e-05,6.68e-05,526.15717275,438,502,6715.58999,5786,4435,2845.66069293,0.448601411332,4.428361707776857,3.333645153352652
2018-04-09T19:34:31.603,6.78e-05,6.778e-05,6.71e-05,536.11902154,433,479,6715.58999,5786,4435,2845.66069293,0.455317001322,4.031226563064477,1.3925177245882383
2018-04-09T19:35:00.8,6.787e-05,6.786e-05,6.72e-05,539.84110942,443,470,6715.58999001,5788,4436,2845.66191042,0.4557870926219787,4.5312956104185576,1.2720572123218277
2018-04-09T19:35:33.753,6.68e-05,6.68e-05,6.608e-05,545.21474388,417,483,6716.0,5787,4436,2846.23556301,0.4486288,1.504171329217663,3.9815070700877806
2018-04-09T19:36:05.143,6.61e-05,6.667e-05,6.613e-05,545.85495903,425,482,6716.00000001,5793,4435,2846.27165512,0.44392760000066095,3.4831613884496195,1.917444275616814
2018-04-09T19:36:36.417,6.617e-05,6.6e-05,6.559e-05,550.00434433,419,484,6715.0,5778,4436,2857.24926178,0.44433154999999996,2.4479774013238065,2.2448117794844418
2018-04-09T19:37:08.473,6.706e-05,6.698e-05,6.6e-05,552.25322541,419,491,6700.0,5739,4443,2877.91537596,0.449302,2.89395971408679,3.701023133539827
2018-04-09T19:37:40.453,6.61e-05,6.686e-05,6.61e-05,554.78199672,426,496,6666.0,5698,4444,2886.67732437,0.4406226,2.1986340947896186,2.2341460031143487
2018-04-09T19:38:11.76,6.6e-05,6.676e-05,6.606e-05,559.28353497,408,505,6664.35830388,5698,4427,2886.72303819,0.43984764805608,2.9155137643626508,2.4725732147400312
2018-04-09T19:38:42.327,6.676e-05,6.676e-05,6.66e-05,559.75777491,412,508,6664.35830388,5679,4427,2888.52599279,0.4449125603670288,2.0159445342041535,4.247103483010667
2018-04-09T19:39:14.56,6.562e-05,6.658e-05,6.6e-05,560.63188092,410,515,6666.0,5678,4444,2890.75954612,0.43742292,3.051411922144631,2.4498288305345137
2018-04-09T19:40:16.59,6.507e-05,6.56e-05,6.507e-05,562.66461419,410,528,6654.0,5667,4434,2900.89795266,0.43297578,6.272181654910427,2.1100586911908064
2018-04-09T19:40:45.877,6.507e-05,6.56e-05,6.509e-05,563.24916759,412,532,6666.0,5663,4425,2904.89168027,0.43375662,4.466700357126978,6.219167861506481
2018-04-09T19:41:19.25,6.66e-05,6.65e-05,6.573e-05,563.81829929,423,526,6670.00000001,5677,4422,2906.64800614,0.44422200000066603,3.2507724782429044,6.693998411930416
2018-04-09T19:41:51.313,6.659e-05,6.64e-05,6.58e-05,565.63849339,420,527,6670.00000001,5672,4414,2906.55311102,0.4441553000006659,2.0478267315935788,2.148763935799755
2018-04-09T19:42:21.887,6.67e-05,6.676e-05,6.67e-05,567.67410587,428,523,6670.00000001,5672,4414,2906.55311102,0.44488900000066695,5.6195839422527145,5.346894776097689
2018-04-09T19:42:53.783,6.732e-05,6.749e-05,6.7e-05,569.92439297,433,514,6670.0,5669,4393,2904.18133617,0.4490244,5.558101661203511,10.580138585761567
2018-04-09T19:43:25.203,6.71e-05,6.747e-05,6.71e-05,570.95108568,434,513,6669.99999999,5670,4411,2903.48595019,0.447556999999329,4.062201185253977,12.387040369530848
2018-04-09T19:43:57.09,6.745e-05,6.739e-05,6.711e-05,571.16671116,436,507,6651.289,5672,4412,2901.90014369,0.44862944304999997,0.6762178577886587,7.029459961651516
2018-04-09T19:44:27.867,6.739e-05,6.8e-05,6.746e-05,584.46565655,430,490,6655.00000001,5678,4407,2899.64275966,0.44848045000067394,1.333631727235094,1.340898111334138
2018-04-09T19:44:59.39,6.8e-05,6.8e-05,6.762e-05,586.71680219,438,487,6669.98999999,5678,4410,2897.90667867,0.45355931999932,1.3853559265247049,1.9091901578820096
2018-04-09T19:45:30.957,6.795e-05,6.799e-05,6.795e-05,587.50826477,440,490,6669.98999998,5674,4411,2894.53951721,0.45322582049864096,3.1507017564509647,2.953232691128351
2018-04-09T19:46:01.937,6.796e-05,6.808e-05,6.799e-05,588.16492408,440,487,6655.00000002,5675,4411,2895.48784434,0.45227380000135925,3.3778190984431307,3.1593060255083274
2018-04-09T19:46:33.543,6.854e-05,6.86e-05,6.854e-05,588.90335551,443,481,6655.00000002,5680,4412,2897.58364512,0.4561337000013708,6.922082584605444,6.568870886021272
2018-04-09T19:47:05.52,6.864e-05,6.868e-05,6.864e-05,591.84384578,437,476,6670.0,5683,4404,2900.5541086,0.4578288,1.753442927442828,6.066323703794209
2018-04-09T19:47:35.957,6.869e-05,6.854e-05,6.809e-05,595.53089004,431,480,6669.34,5679,4405,2901.43673213,0.45811696459999995,2.7753051245107567,6.033624978583025
2018-04-09T19:48:07.65,6.9e-05,6.924e-05,6.9e-05,602.96506659,434,462,6675.00000002,5686,4402,2901.34046436,0.46057500000137996,2.284028055374666,2.3270976298581676
2018-04-09T19:48:39.933,7.12e-05,7.115e-05,7.1e-05,608.51577568,444,419,6675.2,5683,4403,2901.75415113,0.47527423999999996,1.8719656820603405,1.0429468262234727
2018-04-09T19:49:10.77,7.222e-05,7.222e-05,7.221e-05,621.24068343,425,410,6670.0,5685,4404,2902.40441796,0.48170739999999995,1.8899499431511826,0.6723107371750595
2018-04-09T19:49:42.323,7e-05,7.109e-05,7.004e-05,625.34689375,423,415,6660.76500002,5681,4404,2902.51359571,0.46625355000139995,6.404039915485731,4.2909439796362765
2018-04-09T19:50:51.36,7.252e-05,7.308e-05,7.295e-05,638.40126502,436,401,6676.67,5688,4405,2907.39302993,0.48419210840000004,4.033709554183468,4.0742089507771215
2018-04-09T19:51:24.167,7.211e-05,7.29e-05,7.211e-05,645.12065966,422,408,6661.00000003,5692,4402,2907.78575518,0.48032471000216326,1.0253114241498253,2.1192286380823253
2018-04-09T19:51:55.803,7.1e-05,7.1e-05,7.056e-05,647.29260046,445,419,6665.00000003,5696,4406,2907.20595534,0.47321500000213,2.0380126911904815,6.766891940832343
2018-04-09T19:52:27.633,7.064e-05,7.188e-05,7.1e-05,651.36237393,433,412,6661.00000005,5691,4410,2907.57441639,0.470533040003532,1.881636035691981,1.696470489862666
2018-04-09T19:52:59.797,7.187e-05,7.248e-05,7.2e-05,654.62633036,444,407,6665.00000004,5693,4417,2908.5569066,0.47901355000287477,7.311000130647734,1.2496225032189805
2018-04-09T19:53:30.617,7.2e-05,7.199e-05,7.195e-05,657.43892236,433,414,6699.0,5693,4424,2908.58344298,0.48232800000000003,1.4214209402989098,2.2578874273738663
2018-04-09T19:54:01.797,7.187e-05,7.195e-05,7.187e-05,658.86750229,447,423,6680.0,5690,4428,2909.46254614,0.4800916,4.853957784064713,6.406038413539254
2018-04-09T19:54:33.893,7.211e-05,7.242e-05,7.211e-05,662.09669837,437,414,6680.0,5691,4436,2911.47944509,0.4816948,4.4422019542446725,6.831879508157359
2018-04-09T19:55:05.3,7.194e-05,7.209e-05,7.122e-05,666.15627506,446,421,6680.0,5693,4439,2911.16493012,0.4805592,3.737994548387732,5.162983042689122
2018-04-09T19:55:36.067,7.157e-05,7.157e-05,7.135e-05,667.84518825,442,425,6679.99999999,5697,4441,2911.53826379,0.47808759999928424,5.10267322090229,4.1423637849775945
2018-04-09T19:56:07.537,7.1e-05,7.064e-05,7e-05,674.0299558,429,432,6679.99999999,5698,4441,2911.01216027,0.47427999999929005,2.895639425318006,4.324826845500747
2018-04-09T19:56:38.763,7e-05,7.064e-05,7.063e-05,678.04295621,422,422,6680.0,5702,4442,2911.02121949,0.46759999999999996,3.6735403316743427,3.2283607826492964
2018-04-09T19:57:09.757,7.063e-05,7.07e-05,7.063e-05,681.17123921,424,429,6679.99999999,5703,4445,2911.01627384,0.47180839999929375,3.3797846749442964,4.558773165360546
2018-04-09T19:57:42.02,6.856e-05,6.921e-05,6.879e-05,685.1797517,419,432,6666.0,5704,4447,2911.46497896,0.45702096,2.964897280960722,1.9664894756915885
2018-04-09T19:58:13.01,7.065e-05,7.065e-05,7.023e-05,685.82589428,441,433,6680.0,5707,4443,2911.63154231,0.471942,4.470472212683265,4.140550712653493
2018-04-09T19:58:44.1,7.029e-05,7.06e-05,7.029e-05,687.01700881,439,446,6699.0,5708,4440,2911.92556212,0.47087271,3.0699454450136594,1.577928773031751
2018-04-09T19:59:16.763,7.029e-05,7.06e-05,7.029e-05,689.80007831,444,448,6680.0,5709,4441,2912.13420258,0.46953720000000004,1.9672281947820733,1.620579563307033
2018-04-09T19:59:48.15,7e-05,7e-05,6.999e-05,691.16246736,449,456,6680.0,5709,4441,2912.46847412,0.46759999999999996,2.6801719124299814,2.864075736829471
2018-04-09T20:00:18.787,7e-05,7.029e-05,7.001e-05,691.70079905,446,453,6680.0,5706,4439,2912.4773835,0.46759999999999996,3.080153959542632,6.611966193822393
2018-04-09T20:01:22.863,7.06e-05,7.06e-05,7.05e-05,693.32671741,448,457,6656.44929982,5698,4446,2914.18113086,0.469945320567292,2.956020940758841,6.739559266338098
2018-04-09T20:01:54.47,6.999e-05,6.999e-05,6.937e-05,695.00595203,441,460,6651.289,5700,4445,2914.36254184,0.46552371710999996,2.890410503327419,3.635326410140899
2018-04-09T20:02:25.787,6.937e-05,6.998e-05,6.938e-05,695.3132923,449,472,6640.0,5653,4437,2926.06898598,0.4606168,4.58447480994605,5.700987360146922
2018-04-09T20:02:57.223,6.946e-05,6.999e-05,6.946e-05,696.38588798,453,464,6635.0,5653,4440,2926.15315739,0.46086710000000003,5.684322074291424,6.020287887010951
2018-04-09T20:03:28.153,6.951e-05,6.999e-05,6.952e-05,696.84974507,456,469,6651.0,5643,4436,2934.08354508,0.46231101,3.625917017940237,5.959780374159722
2018-04-09T20:03:58.19,6.96e-05,6.999e-05,6.961e-05,697.03762195,456,469,6630.0,5643,4438,2936.70848708,0.46144799999999997,2.2293407204909927,10.519506882556687
2018-04-09T20:04:31.003,6.961e-05,6.964e-05,6.961e-05,697.92961282,467,472,6627.00000002,5647,4441,2937.22232835,0.4613054700013922,3.1922955565967173,10.700399655478007
2018-04-09T20:05:01.907,6.96e-05,6.96e-05,6.955e-05,699.78180659,452,472,6628.0,5642,4444,2937.80853238,0.46130879999999996,2.805783972857995,10.250208013673989
2018-04-09T20:05:33.197,6.94e-05,6.94e-05,6.939e-05,702.82008944,438,473,6623.05380881,5643,4443,2938.62802292,0.45963993433141404,3.1454208423593237,3.4817068387163093
2018-04-09T20:06:04.793,6.96e-05,6.96e-05,6.946e-05,704.69782126,445,473,6623.00000001,5650,4443,2939.3985909,0.460960800000696,4.014759247815499,4.230303264101418
2018-04-09T20:06:37.363,6.97e-05,6.97e-05,6.96e-05,704.89670233,451,474,6628.0,5656,4439,2940.60228093,0.4619716,2.2818247842057557,5.152750384569736
2018-04-09T20:07:09.197,6.982e-05,6.995e-05,6.982e-05,705.58682846,453,476,6623.00000001,5651,4443,2941.00730707,0.46241786000069823,2.5280197310430284,5.149716840179546
2018-04-09T20:07:40.763,7.002e-05,7.079e-05,7.052e-05,710.88012975,448,471,6628.0,5657,4440,2940.61426865,0.46409256,2.1499293228443923,6.844973707500491
2018-04-09T20:08:11.243,7.052e-05,7.105e-05,7.096e-05,712.10109078,446,468,6628.0,5658,4440,2940.61240815,0.46740655999999997,3.9445470767516935,3.5612892455721283
2018-04-09T20:08:43.07,7.156e-05,7.193e-05,7.156e-05,715.84150007,449,462,6624.00000002,5662,4434,2941.74119885,0.4740134400014312,1.5308894735427991,1.1887694983792778
2018-04-09T20:09:14.393,7.2e-05,7.263e-05,7.25e-05,721.05495162,450,462,6651.0,5665,4430,2941.81315734,0.478872,4.659684473677786,2.2183410653409896
2018-04-09T20:09:45.517,7.195e-05,7.299e-05,7.195e-05,726.67558372,437,444,6644.35000001,5665,4429,2944.41030225,0.47806098250071954,0.8968682954102396,2.2333440200845165
2018-04-09T20:10:16.57,7.169e-05,7.169e-05,7.154e-05,729.70701676,441,454,6662.13615,5666,4430,2944.59808173,0.4776085405935,1.9027750335727731,1.323118499518432
2018-04-09T20:10:48.02,7.03e-05,7.267e-05,7.169e-05,731.39018725,448,453,6630.00000004,5667,4434,2945.12520525,0.466089000002812,1.6703338815580535,1.7697843837238054
2018-04-09T20:11:47.76,7.14e-05,7.169e-05,7.14e-05,732.57534553,454,460,6647.99999999,5663,4435,2945.88901881,0.474667199999286,1.5342252484929932,3.362861325193013
2018-04-09T20:12:19.26,7.15e-05,7.14e-05,7.07e-05,733.38178365,460,465,6647.99999999,5665,4436,2946.13966281,0.47533199999928505,1.5585632923032744,2.5050698521722823
2018-04-09T20:12:50.763,7.05e-05,7.12e-05,7.054e-05,734.86182348,446,471,6631.00001003,5668,4432,2947.00774957,0.4674855007071151,3.7090663140634557,3.557488137789804
2018-04-09T20:13:22.657,7.123e-05,7.123e-05,7.055e-05,735.0750968,447,482,6631.00001003,5670,4433,2947.44139647,0.4723261307144369,2.3211602148260844,3.3856130386042063
2018-04-09T20:13:54.16,7.12e-05,7.12e-05,7.08e-05,736.70141976,456,476,6631.00001004,5670,4435,2946.28264974,0.472127200714848,5.226392556895009,1.9500268766528692
2018-04-09T20:14:25.53,7.12e-05,7.123e-05,7.092e-05,738.24127846,460,476,6631.00001005,5676,4436,2946.63908604,0.47212720071555997,3.3350569109906028,3.3039678166565976
2018-04-09T20:14:57.927,7.132e-05,7.14e-05,7.126e-05,739.52259281,464,472,6631.00001001,5670,4439,2947.2982421,0.4729229207139132,3.0690586315930184,2.118181179772968
2018-04-09T20:15:28.653,7.14e-05,7.126e-05,7.08e-05,742.49010557,458,469,6641.00000999,5673,4438,2950.78981263,0.474167400713286,4.060767857619387,2.4743543422029832
2018-04-09T20:15:58.297,7.23e-05,7.241e-05,7.201e-05,745.15519958,459,460,6650.13614999,5677,4438,2953.02251629,0.480804843644277,7.646750899501216,1.3176312131292516
2018-04-09T20:16:32.033,7.2e-05,7.23e-05,7.2e-05,747.91695686,460,446,6631.0,5677,4440,2953.56370932,0.477432,3.1197726644603634,2.6666883494145788
2018-04-09T20:17:03.787,7.229e-05,7.23e-05,7.229e-05,751.44960847,464,459,6631.00001002,5676,4444,2947.35872405,0.47935499072434584,4.2133154054528035,2.355463821705798
2018-04-09T20:17:36.68,7.288e-05,7.287e-05,7.231e-05,752.75635255,452,451,6631.00001003,5683,4443,2947.91126239,0.4832672807309864,2.2592662144619458,3.7763124793402407
2018-04-09T20:18:08.87,7.2e-05,7.2e-05,7.145e-05,757.56087112,449,459,6631.00001003,5688,4449,2947.69771282,0.47743200072216,1.313495894573924,1.2870077868519945
2018-04-09T20:18:40.17,7.281e-05,7.281e-05,7.22e-05,762.37722394,458,453,6631.00001002,5689,4459,2947.90557665,0.48280311072955623,2.305679724627179,3.506207375059241
2018-04-09T20:19:11.09,7.2e-05,7.278e-05,7.2e-05,763.18965943,451,464,6640.0,5693,4459,2947.73157665,0.47808,2.169989514604755,3.4113313082134513
2018-04-09T20:19:42.32,7.2e-05,7.27e-05,7.22e-05,763.75221734,457,471,6631.00001005,5694,4457,2948.17329282,0.47743200072360004,7.545586426407223,2.3806165688492946
2018-04-09T20:20:14.33,7.25e-05,7.27e-05,7.25e-05,764.06306402,465,469,6631.00001006,5699,4456,2948.20829282,0.48074750072935,6.308682290855916,3.2026379734391432
2018-04-09T20:20:45.877,7.3e-05,7.32e-05,7.3e-05,767.3640038,463,451,6631.00001006,5699,4456,2948.20829282,0.48406300073438,4.375215523394662,7.1769894576979105
2018-04-09T20:21:16.163,7.4e-05,7.408e-05,7.4e-05,774.82856527,467,434,6631.10000001,5703,4458,2949.1879274,0.49070140000074,5.990695774046831,0.4828213937320563
2018-04-09T20:22:23.493,7.426e-05,7.471e-05,7.426e-05,782.24830325,455,422,6632.0,5702,4458,2950.22504492,0.49249232,3.053811783846103,3.665021551028406
2018-04-09T20:22:55.283,7.561e-05,7.585e-05,7.545e-05,787.28238096,460,397,6632.0,5699,4458,2950.86414689,0.50144552,4.255652393615647,1.0154136948962225
2018-04-09T20:23:26.57,7.545e-05,7.596e-05,7.546e-05,793.12746906,437,395,6632.0,5701,4464,2951.16999788,0.5003844000000001,3.7852551110322428,3.9062115029824787
2018-04-09T20:23:58.13,7.45e-05,7.43e-05,7.426e-05,799.24211684,435,423,6632.0,5701,4461,2952.10630389,0.49408399999999997,2.902058412093321,2.7389161891606455
2018-04-09T20:24:28.963,7.45e-05,7.489e-05,7.45e-05,801.12785272,443,418,6631.00001003,5696,4461,2954.8512073,0.494009500747235,2.768124845694,4.026905536818232
2018-04-09T20:25:00.117,7.499e-05,7.518e-05,7.5e-05,804.97134485,453,418,6628.0,5691,4461,2956.30918721,0.49703372,2.675110833047383,1.1387198639187237
2018-04-09T20:25:32.417,7.518e-05,7.554e-05,7.52e-05,805.75567529,460,422,6630.0,5689,4464,2958.91116879,0.4984434,5.804861467065312,2.003563210612249
2018-04-09T20:26:03.27,7.602e-05,7.67e-05,7.602e-05,808.43138809,456,418,6647.89999999,5694,4457,2964.18145727,0.5053733579992398,1.1764261855288807,2.748061403248801
2018-04-09T20:26:33.707,7.523e-05,7.56e-05,7.529e-05,812.00974257,447,426,6650.13614999,5697,4457,2965.75294888,0.5002897425637477,5.477017065529681,3.5609084639671895
2018-04-09T20:27:05.863,7.561e-05,7.6e-05,7.58e-05,815.02559499,455,435,6647.89999999,5699,4465,2966.12644292,0.5026477189992439,5.098573073105536,5.105431652446778
2018-04-09T20:27:38.89,7.522e-05,7.5e-05,7.451e-05,822.12350301,433,439,6648.0,5701,4468,2968.47183977,0.50006256,2.530283578515225,4.787981127662685
2018-04-09T20:28:10.497,7.413e-05,7.51e-05,7.45e-05,829.22537833,423,439,6666.6479,5702,4468,2969.54555515,0.49419860882699995,1.6227448611043553,1.0544366098162679
2018-04-09T20:28:42.2,7.505e-05,7.508e-05,7.505e-05,829.74335452,427,441,6666.6479,5706,4470,2969.5205493,0.500331924895,0.6454053690133754,1.088712767463296
2018-04-09T20:29:13.1,7.45e-05,7.449e-05,7.413e-05,831.07773993,426,436,6635.0,5703,4470,2970.34310625,0.49430749999999996,1.6217272550356343,1.2159665627963652
2018-04-09T20:29:44.477,7.413e-05,7.499e-05,7.417e-05,833.19197429,430,439,6635.00000001,5706,4468,2970.32353717,0.4918525500007413,2.9238496146281054,2.0187572966599423
2018-04-09T20:30:15.47,7.433e-05,7.5e-05,7.438e-05,833.72908048,434,449,6635.0,5705,4464,2971.500762,0.49317955,0.7778744551919254,6.28595483324551
2018-04-09T20:30:47.02,7.44e-05,7.452e-05,7.443e-05,833.73500141,439,447,6635.0,5708,4464,2974.48110407,0.493644,3.0691307568184842,0.8472973713368118
2018-04-09T20:31:19.42,7.452e-05,7.47e-05,7.456e-05,834.67587661,440,451,6630.0600003,5707,4467,2976.04553851,0.49407207122235597,2.673391311803955,0.599756814218952
2018-04-09T20:31:50.747,7.433e-05,7.486e-05,7.433e-05,837.14193172,429,453,6635.0,5707,4465,2976.06938382,0.49317955,2.9974185661410258,0.7661563937241203
2018-04-09T20:32:48.287,7.32e-05,7.32e-05,7.312e-05,840.06157109,416,456,6635.0,5702,4463,2979.09989403,0.485682,0.9433209576175661,1.7087537405199904
2018-04-09T20:33:20.77,7.26e-05,7.311e-05,7.3e-05,841.56717578,417,463,6635.0,5704,4465,2979.04374964,0.48170100000000005,2.5913718243196677,2.3604822047247884
2018-04-09T20:33:51.743,7.4e-05,7.396e-05,7.328e-05,843.60331567,429,461,6635.0,5702,4463,2979.09074964,0.49099,2.8445398802446267,0.8636363526516356
2018-04-09T20:34:24.587,7.388e-05,7.388e-05,7.352e-05,843.98978717,431,473,6635.0,5706,4469,2978.97428805,0.4901938,1.1044747060743105,1.2442174385133686
2018-04-09T20:34:55.537,7.378e-05,7.378e-05,7.355e-05,844.46776116,428,468,6635.0,5706,4468,2979.41653799,0.48953030000000003,2.0288700349083784,1.345962243962446
2018-04-09T20:35:24.67,7.355e-05,7.32e-05,7.271e-05,845.25642178,425,469,6633.0,5702,4469,2980.42570338,0.48785715,1.6685930422422008,0.7098369841828317
2018-04-09T20:35:57.21,7.355e-05,7.328e-05,7.321e-05,847.3487938,424,467,6629.0,5699,4468,2981.71554256,0.48756295,2.6563656914871534,1.2735609583007195
2018-04-09T20:36:29.92,7.4e-05,7.408e-05,7.4e-05,848.71063438,431,462,6648.0,5701,4466,2982.39214135,0.491952,3.046449394276581,1.380735143865027
2018-04-09T20:37:00.71,7.321e-05,7.386e-05,7.321e-05,850.07651698,426,470,6629.0,5702,4467,2981.52801347,0.48530909,1.951596052026223,2.3519711230100646
2018-04-09T20:37:30.48,7.32e-05,7.321e-05,7.32e-05,851.21349006,425,472,6630.0,5705,4472,2981.56364813,0.485316,0.9711910353127975,3.467794714003024
2018-04-09T20:38:03.743,7.19e-05,7.22e-05,7.19e-05,853.68417681,402,476,6630.0,5705,4471,2983.05149389,0.476697,3.871389680614988,2.504106396524262
2018-04-09T20:38:35.413,7.257e-05,7.257e-05,7.197e-05,857.11332424,409,478,6630.0,5705,4471,2983.05149389,0.48113910000000004,1.8997861609401145,1.3351430912732944
2018-04-09T20:39:07.163,7.257e-05,7.297e-05,7.26e-05,858.36336263,423,481,6665.0,5705,4468,2986.40385848,0.48367905000000005,2.874064038118582,1.2714058297081339
2018-04-09T20:39:36.93,7.298e-05,7.298e-05,7.257e-05,859.42456281,421,485,6635.10100001,5709,4468,2985.7480773,0.4842296709807297,2.302429555212164,1.6726545009531997
2018-04-09T20:40:09.583,7.308e-05,7.38e-05,7.31e-05,861.02141079,431,487,6635.053,5711,4462,2990.60566992,0.48488967324,1.0179521553561717,1.7244241777171254
2018-04-09T20:40:40.647,7.3e-05,7.378e-05,7.316e-05,861.90788307,429,490,6684.8722228,5713,4464,2991.28825933,0.4879956722644,1.1939802406380364,3.048796075869987
2018-04-09T20:41:12.113,7.316e-05,7.318e-05,7.258e-05,862.87735211,435,501,6686.330535,5719,4466,2992.27596546,0.4891719419406,1.7337953586794275,3.7462065672906744
2018-04-09T20:41:43.38,7.316e-05,7.31e-05,7.257e-05,863.87445526,438,498,6636.05000005,5721,4467,2992.35547554,0.485493418003658,1.324445238168038,2.7863032078775847
2018-04-09T20:42:13.787,7.257e-05,7.3e-05,7.257e-05,864.09650764,434,498,6680.13053498,5725,4467,2992.34464696,0.48477707292349864,1.5625720292460807,5.7035048492917895
2018-04-09T20:43:18.96,7.202e-05,7.271e-05,7.202e-05,868.57723444,423,508,6679.46252192,5724,4481,2995.02517357,0.4810548908286784,1.7018846474053857,1.7224178935697687
2018-04-09T20:43:50.397,7.203e-05,7.28e-05,7.271e-05,869.27822913,424,509,6640.0,5729,4479,2995.12569886,0.4782792,2.4728525864856414,2.722257865896348
2018-04-09T20:44:22.527,7.27e-05,7.267e-05,7.205e-05,873.10573928,433,511,6640.0,5730,4478,2995.23398412,0.48272800000000005,2.0290745323633255,2.7009209430671866
2018-04-09T20:44:53.977,7.207e-05,7.263e-05,7.212e-05,873.82973689,439,515,6637.00000003,5729,4478,2993.74232777,0.4783285900021621,1.3250050970240683,2.5188274059362
2018-04-09T20:45:22.437,7.209e-05,7.209e-05,7.203e-05,875.92045876,434,518,6683.99999999,5729,4465,2982.72274651,0.4818495599992791,1.689027327964171,4.155339157913091
2018-04-09T20:45:55.71,7.164e-05,7.164e-05,7.16e-05,877.56527643,427,519,6685.330535,5732,4467,2987.07973245,0.4789370795274,2.5114649048179296,2.242029717161131
2018-04-09T20:46:27.267,7.105e-05,7.119e-05,7.105e-05,880.44943735,410,527,6683.0,5734,4467,2988.97676128,0.47482715000000003,0.3721464482700464,2.4268635387558315
2018-04-09T20:47:00.223,7.062e-05,7.092e-05,7.069e-05,883.17736192,415,522,6648.72400005,5730,4470,2989.13677806,0.46953288888353095,1.5828465112146095,1.523996960973627
2018-04-09T20:47:31.13,7.008e-05,7.02e-05,7.008e-05,886.81858002,405,528,6648.72400004,5737,4469,2989.18995649,0.46594257792280325,1.4825202153016686,1.9906189875514437
2018-04-09T20:48:02.903,6.96e-05,6.94e-05,6.937e-05,888.37084474,394,532,6645.00000001,5743,4474,2989.64578227,0.46249200000069596,1.1511040372489891,5.23203582472564
2018-04-09T20:48:34.97,7.058e-05,7.058e-05,7e-05,891.11317262,392,515,6648.72400004,5746,4474,2989.64113219,0.4692669399228232,0,0
2018-04-09T20:49:05.783,7.006e-05,7e-05,6.999e-05,895.17119435,406,523,6648.72400004,5743,4474,2988.90938442,0.4658096034428024,1.1635183960036524,2.3581425858419873
2018-04-09T20:49:36.563,6.853e-05,6.926e-05,6.853e-05,897.22329185,393,525,6648.72400004,5746,4474,2989.64113219,0.45563705572274116,1.1961962969578996,11.881925396010962
2018-04-09T20:50:09.813,6.786e-05,6.786e-05,6.761e-05,898.68405608,386,534,6678.649,5747,4473,2989.45346212,0.45321312114000006,0.9860841271658642,14.069517138075481
2018-04-09T20:50:39.093,6.786e-05,6.8e-05,6.787e-05,902.04373521,386,525,6650.0,5746,4473,2989.61850716,0.45126900000000003,1.4099263217462557,9.41992999038196
2018-04-09T20:51:11.627,6.7e-05,6.7e-05,6.686e-05,904.7668837,379,529,6650.0,5745,4472,2990.05793107,0.44555,2.2194961103009323,10.530368254971327
2018-04-09T20:51:44.47,6.808e-05,6.908e-05,6.801e-05,914.23389735,398,517,6675.49973772,5751,4471,2990.4281662,0.4544680221439776,3.273296949209951,2.3600056588276264
2018-04-09T20:52:15.953,6.904e-05,6.89e-05,6.808e-05,916.69356039,406,527,6675.49973772,5757,4472,2990.27453917,0.4608765018921888,3.872060820466277,1.79618909540973
2018-04-09T20:52:47,6.902e-05,6.975e-05,6.955e-05,919.25606305,411,531,6648.72400005,5761,4472,2990.16086684,0.458894930483451,12.025734034270124,4.439342754647464
2018-04-09T20:53:49.343,6.998e-05,7e-05,6.998e-05,936.58012789,410,544,6645.522,5756,4474,2990.39348578,0.46505362956,2.5641866772511746,1.581436222837123
2018-04-09T20:54:19.157,7.008e-05,7.072e-05,7.008e-05,937.56591105,412,550,6645.522,5756,4475,2990.50327528,0.46571818176,3.080761970175317,1.9000998847306727
2018-04-09T20:54:52.673,6.953e-05,6.953e-05,6.902e-05,940.64756654,408,556,6645.522,5756,4475,2990.50327528,0.4620631446599999,1.8196099525107554,0.9189809343914562
2018-04-09T20:55:23.093,6.902e-05,7.007e-05,6.902e-05,940.78614967,412,557,6675.39973771,5763,4473,2988.85140133,0.46073608989674425,1.7737662495266115,1.2820972750859765
2018-04-09T20:55:54.533,7e-05,6.99e-05,6.907e-05,941.4552296,422,567,6675.4997377,5764,4473,2988.55343032,0.46728498163899995,2.419700002391893,2.182363065121908
2018-04-09T20:56:24.657,6.913e-05,6.96e-05,6.913e-05,942.10267925,427,575,6675.49973769,5763,4474,2993.33307828,0.4614772968665097,3.454830420187325,1.611968016980941
2018-04-09T20:56:55.97,6.989e-05,6.984e-05,6.918e-05,943.33222849,427,566,6650.522,5763,4478,2993.40137558,0.46480498257999997,3.023360938563941,1.0252236715782306
2018-04-09T20:57:28.19,7.069e-05,7.07e-05,7.069e-05,944.35675019,432,566,6650.522,5766,4476,2995.83703803,0.47012540018,1.4769444822944362,1.1158293274531856
2018-04-09T20:58:01.19,7.069e-05,7.068e-05,7.003e-05,946.24274003,439,569,6650.522,5767,4476,2996.05906804,0.47012540018,2.5493210343102453,0.9964521075774049
2018-04-09T20:58:29.75,7.068e-05,7.068e-05,7.011e-05,946.82079056,434,569,6650.53,5766,4478,2994.92160599,0.47005946039999996,2.184896582347972,1.1996595406077384
2018-04-09T20:59:02.61,7.01e-05,7e-05,6.984e-05,948.50471858,418,575,6675.0,5769,4480,2995.04045074,0.4679175,2.511585516163609,10.553436294311688
2018-04-09T20:59:33.99,6.922e-05,6.982e-05,6.925e-05,951.92059774,414,573,6650.53,5768,4481,2995.40985943,0.46034968660000003,3.3441701948447666,10.742627457162996
2018-04-09T21:00:05.34,6.952e-05,6.952e-05,6.922e-05,952.98317799,419,574,6675.0,5770,4481,2995.45021748,0.464046,1.7085675763984292,12.84734429292093
2018-04-09T21:00:36.86,6.902e-05,6.922e-05,6.902e-05,955.76769602,407,576,6650.522,5766,4479,2992.18390278,0.45901902844,1.7950964328195138,11.569868137071575
2018-04-09T21:01:08.847,6.85e-05,6.9e-05,6.821e-05,956.77275667,414,580,6650.522,5765,4479,2992.50862712,0.455560757,1.3993783642685422,12.300369199821045
2018-04-09T21:01:39.967,6.821e-05,6.82e-05,6.818e-05,957.74718723,415,578,6650.522,5771,4479,2993.16622817,0.45363210562,0.299015455318576,20.56627528613889
2018-04-09T21:02:11.42,6.8e-05,6.801e-05,6.8e-05,959.43333882,406,583,6622.4,5742,4481,3014.8566068,0.4503232,1.0581322998836198,9.971044903533459
2018-04-09T21:02:42.407,6.7e-05,6.6e-05,6.561e-05,960.23359267,398,586,6622.4,5742,4481,3014.8566068,0.4437008,1.381449146928109,13.888920823343293
2018-04-09T21:03:18.033,6.53e-05,6.53e-05,6.528e-05,969.58419073,391,584,6669.05800001,5751,4480,3015.2324942,0.435489487400653,1.8620707995417136,11.63857393158654
2018-04-09T21:04:19.26,6.608e-05,6.692e-05,6.565e-05,985.60916121,398,583,6642.57900001,5746,4483,3015.96198245,0.4389416203206608,1.3787632976448516,1.7995599138171727
2018-04-09T21:04:50.433,6.7e-05,6.707e-05,6.694e-05,988.08018718,408,594,6665.0,5749,4484,3017.30928193,0.44655500000000004,0.8989700838267621,1.246339338084353
2018-04-09T21:05:21.187,6.754e-05,6.753e-05,6.75e-05,991.01380909,409,597,6668.0,5750,4483,3017.49686255,0.45035671999999993,1.4141802450968295,0.7969071616698045
2018-04-09T21:05:59.207,6.694e-05,6.718e-05,6.61e-05,993.35038988,402,601,6668.0,5756,4487,3019.09938074,0.44635592,1.9741022494438638,0.779137281207027
2018-04-09T21:06:30.797,6.616e-05,6.682e-05,6.616e-05,994.25433615,402,601,6654.73000001,5762,4484,3020.01384155,0.44027693680066166,0.6410111244761305,1.6172157637308322
2018-04-09T21:07:02.513,6.62e-05,6.681e-05,6.62e-05,995.26766673,407,600,6669.05800001,5768,4482,3020.19049935,0.44149163960066196,1.2828734772279171,1.5456222304475151
2018-04-09T21:07:33.33,6.682e-05,6.72e-05,6.682e-05,995.27761923,414,605,6674.0,5769,4485,3020.69800553,0.44595668,2.876069210340801,1.2507803355570142
2018-04-09T21:08:05.003,6.727e-05,6.75e-05,6.727e-05,995.95235287,419,602,6669.05800001,5769,4485,3020.77192143,0.44862753166067265,4.229073164168704,1.1084807179941674
2018-04-09T21:08:44.21,6.727e-05,6.742e-05,6.684e-05,996.13715213,418,605,6674.0,5772,4485,3019.42197555,0.44895998,4.767532898005331,1.181588769566809
2018-04-09T21:09:15.84,6.69e-05,6.727e-05,6.69e-05,996.13849012,420,609,6669.05800001,5771,4484,3019.64802555,0.446159980200669,2.087946095713278,2.0479715207672107
2018-04-09T21:09:46.127,6.691e-05,6.692e-05,6.691e-05,996.52591423,421,611,6669.05800001,5772,4486,3019.87305052,0.4462266707806691,2.2939514668873797,2.0920770230799985
2018-04-09T21:10:17.883,6.682e-05,6.681e-05,6.62e-05,998.1221698,408,615,6654.67649563,5774,4489,3020.56716915,0.4446654834379966,1.9091948619035326,2.2187301910865505
2018-04-09T21:10:50.18,6.62e-05,6.709e-05,6.625e-05,999.20398432,405,615,6674.0,5776,4488,3020.93182543,0.44181879999999996,1.3688116427871775,2.338125353306881
2018-04-09T21:11:18.667,6.714e-05,6.699e-05,6.626e-05,999.20485806,411,615,6654.67649564,5776,4488,3021.18976288,0.4467949799172696,3.401976702464707,3.0951414923819454
2018-04-09T21:11:52.293,6.627e-05,6.694e-05,6.628e-05,999.33440051,412,622,6674.0,5776,4487,3021.74324018,0.44228598,1.1697436817982452,3.069270986113626
2018-04-09T21:12:23.027,6.63e-05,6.63e-05,6.628e-05,999.65615628,409,622,6674.0,5777,4487,3021.86195416,0.4424862,0.5990428668710059,1.2407605471685832
2018-04-09T21:12:55.353,6.628e-05,6.628e-05,6.61e-05,1000.77720972,401,621,6675.49973768,5779,4485,3022.68519978,0.44245212261343037,2.886080462956755,2.072435176065627
2018-04-09T21:13:26.577,6.601e-05,6.599e-05,6.57e-05,1001.24679404,403,622,6675.49973769,5783,4484,3023.5584515,0.4406497376849169,3.161705136913014,4.322474803281991
2018-04-09T21:14:03.063,6.602e-05,6.606e-05,6.605e-05,1006.5991524,406,615,6675.4997377,5783,4484,3022.6946792,0.440716492682954,6.637972026348749,4.144523274533129
2018-04-09T21:14:49.327,6.606e-05,6.647e-05,6.606e-05,1006.82133976,416,618,6675.4997377,5786,4483,3023.92516651,0.440983512672462,3.285394931508569,3.661116097960528
2018-04-09T21:15:21.397,6.65e-05,6.68e-05,6.651e-05,1008.84449004,418,610,6675.4997377,5786,4482,3023.81703958,0.44392073255705,3.14158546345743,2.9537377051560787
2018-04-09T21:15:52.237,6.699e-05,6.748e-05,6.689e-05,1010.51709678,424,604,6675.4997377,5786,4482,3023.81703958,0.447191727428523,2.392685306043626,1.7564128391549778
2018-04-09T21:16:24.34,6.747e-05,6.74e-05,6.69e-05,1010.84757071,423,613,6675.49973769,5794,4482,3023.81770544,0.4503959673019443,4.932313170340841,2.6439198212388804
2018-04-09T21:16:55.6,6.74e-05,6.738e-05,6.693e-05,1011.68712746,422,619,6675.4997377,5796,4482,3024.43019664,0.44992868232098,1.818307725564015,1.769842291079585
2018-04-09T21:17:25,6.738e-05,6.74e-05,6.738e-05,1011.92733584,425,628,6675.49973769,5798,4483,3025.61902328,0.44979517232555216,1.6473641219467978,2.409007619708545
2018-04-09T21:17:59.05,6.797e-05,6.797e-05,6.755e-05,1014.2916306,424,617,6675.4997377,5798,4483,3026.65607238,0.453733717171469,1.5827542785591062,1.9598581754957412
2018-04-09T21:18:29.487,6.819e-05,6.819e-05,6.76e-05,1016.65691907,408,619,6675.4997377,5800,4480,3028.02384053,0.45520232711376296,0.8677600771699713,2.9822440258323324
2018-04-09T21:19:01.933,6.76e-05,6.76e-05,6.755e-05,1017.45622354,411,621,6675.49973769,5800,4480,3027.9883417,0.451263782267844,0.6004366615441887,1.1437025959993146
2018-04-09T21:19:32.38,6.75e-05,6.74e-05,6.694e-05,1017.89314312,409,624,6675.4997377,5801,4479,3027.99515225,0.45059623229475,1.1563022193484098,1.6844515112229292
2018-04-09T21:20:04.647,6.697e-05,6.697e-05,6.695e-05,1017.96833568,413,628,6675.49973771,5803,4479,3028.03152739,0.44705821743443874,0.9819882199855623,4.00372219871957
2018-04-09T21:20:35.563,6.739e-05,6.739e-05,6.695e-05,1018.50293053,415,623,6675.49973771,5802,4476,3028.43278354,0.44986192732427693,0.7993956422761115,1.794432564850975
2018-04-09T21:21:07.637,6.736e-05,6.735e-05,6.696e-05,1018.74490352,420,631,6675.49973771,5803,4476,3029.48477831,0.4496616623321456,0.917840448020323,1.9038577099897414
2018-04-09T21:21:45.567,6.695e-05,6.692e-05,6.69e-05,1018.89061019,413,635,6680.4997377,5806,4477,3028.40619398,0.447259457439015,2.2964574846728127,4.740619936936713
2018-04-09T21:22:17.493,6.606e-05,6.606e-05,6.605e-05,1021.15395939,399,637,6687.0,5806,4475,3028.83084512,0.44174322,1.412905017300098,4.395174722396168
2018-04-09T21:22:56.337,6.53e-05,6.49e-05,6.473e-05,1022.90600813,387,644,6682.4997377,5813,4476,3029.71412292,0.43636723287181,3.4279721283777294,4.486484213791862
2018-04-09T21:23:27.49,6.489e-05,6.53e-05,6.49e-05,1027.72269929,378,650,6698.9,5815,4477,3030.71633982,0.434691621,2.399344150016207,4.126069687336203
2018-04-09T21:23:59.36,6.444e-05,6.53e-05,6.45e-05,1030.61019528,401,643,6698.9,5813,4477,3031.04658955,0.43167711599999997,2.177127913698717,4.523212757066435
2018-04-09T21:24:28.247,6.459e-05,6.521e-05,6.465e-05,1030.97766529,403,644,6699.999,5812,4475,3030.23672965,0.43275293541,0.897825168181264,3.9495050303362116
2018-04-09T21:25:20.123,6.69e-05,6.689e-05,6.585e-05,1034.8235269,407,640,6700.0,5815,4474,3033.92717595,0.44823,6.9286658958440075,2.2690932492827645
2018-04-09T21:25:50.79,6.615e-05,6.684e-05,6.683e-05,1035.08361414,405,644,6710.04799999,5816,4471,3034.76829873,0.44386967519933845,8.844314299856975,3.2658063195181604
2018-04-09T21:26:22.447,6.706e-05,6.73e-05,6.707e-05,1037.23581013,405,636,6690.0,5816,4472,3035.42683009,0.4486314,8.154789035472668,1.9900595668593126
2018-04-09T21:26:54.713,6.706e-05,6.705e-05,6.62e-05,1038.36191359,397,643,6710.04099999,5816,4472,3035.52367551,0.44997534945932943,8.100521579682857,1.3721100535704343
2018-04-09T21:27:25.123,6.699e-05,6.699e-05,6.626e-05,1038.75505977,406,645,6710.03899999,5819,4473,3035.8111025,0.44950551260933,2.391158060491414,1.563470302154553
2018-04-09T21:28:06.917,6.626e-05,6.621e-05,6.62e-05,1038.83374367,408,653,6689.9012531,5817,4474,3036.72093176,0.44327285703040603,0.9747763395678558,2.566468460923217
2018-04-09T21:28:37.71,6.567e-05,6.551e-05,6.5e-05,1039.32420927,396,656,6680.4997377,5817,4478,3038.14580701,0.438708417774759,0.22184674368976548,3.4640214137725343
2018-04-09T21:29:10.033,6.494e-05,6.567e-05,6.501e-05,1040.23406673,392,657,6675.4997377,5813,4487,3038.59770701,0.433506952966238,1.8064173754071395,3.1924080605816036
2018-04-09T21:29:41.673,6.506e-05,6.591e-05,6.443e-05,1044.02298337,395,658,6709.99199999,5816,4488,3038.7319788,0.43655207951934943,2.1763739052594393,3.118920422909869
2018-04-09T21:30:12.607,6.506e-05,6.505e-05,6.451e-05,1044.63162679,398,660,6675.4997377,5812,4485,3039.49556795,0.434308012934762,0.8244195752309789,2.76698904058467
2018-04-09T21:30:51.917,6.505e-05,6.542e-05,6.51e-05,1047.4501933,404,659,6675.4997377,5815,4485,3039.27255709,0.434241257937385,4.274906107020044,1.4295788654872494
2018-04-09T21:31:22,6.543e-05,6.582e-05,6.544e-05,1047.94702969,407,654,6675.4997377,5815,4488,3039.38144197,0.436777947837711,2.9372062712713984,1.4914326124638282
2018-04-09T21:31:54.677,6.544e-05,6.583e-05,6.582e-05,1048.29000832,404,655,6675.4997377,5817,4476,3039.84248251,0.436844702835088,0.24437814735163432,1.357141996329438
2018-04-09T21:32:26.303,6.582e-05,6.582e-05,6.51e-05,1050.32925738,404,655,6709.0,5817,4479,3039.84217947,0.44158638,3.0903107184476544,1.127407735502476
2018-04-09T21:32:57.723,6.511e-05,6.582e-05,6.528e-05,1050.56363757,411,659,6709.97599992,5817,4475,3039.97406152,0.4368865373547912,2.100313699739098,0.612686052501825
2018-04-09T21:33:27.333,6.582e-05,6.588e-05,6.583e-05,1050.92525391,422,662,6675.4997377,5816,4475,3040.7800724,0.43938139273541404,1.3258972509411953,1.4679196301924167
2018-04-09T21:33:59.663,6.588e-05,6.589e-05,6.588e-05,1051.05005306,416,659,6709.976,5820,4473,3042.20324168,0.44205321888,0.7950516358551054,1.6418557005103627
2018-04-09T21:34:30.68,6.583e-05,6.583e-05,6.55e-05,1051.25114977,417,660,6709.976,5818,4472,3042.43687994,0.44171772008,0.8393176905111014,1.3443583936784886
2018-04-09T21:35:02.767,6.544e-05,6.544e-05,6.53e-05,1051.74591585,410,661,6680.0,5820,4473,3042.8387569,0.4371392,2.609190510405184,1.0027012854886035
2018-04-09T21:35:48.67,6.5e-05,6.51e-05,6.5e-05,1053.18789678,402,657,6675.49973776,5818,4470,3043.14502365,0.43390748295439996,1.1153840927450185,2.6148824386663296
2018-04-09T21:36:20.257,6.452e-05,6.452e-05,6.451e-05,1054.63445197,400,660,6675.49973778,5819,4471,3044.12217562,0.4307032430815656,2.022728687861987,0.8029955666972627
2018-04-09T21:36:52.987,6.54e-05,6.53e-05,6.5e-05,1055.4672042,404,660,6710.0,5821,4472,3044.15279567,0.438834,2.77180321929212,0.6899336472872598
2018-04-09T21:37:22.973,6.544e-05,6.598e-05,6.544e-05,1056.02527842,406,660,6710.0,5823,4471,3044.18606151,0.4391024,3.6912377382087587,1.1586898248098867
2018-04-09T21:37:54.087,6.6e-05,6.6e-05,6.547e-05,1056.9550791,408,659,6710.0,5824,4473,3047.77241445,0.44286000000000003,3.746898551585668,1.6633131483978807
2018-04-09T21:38:26.147,6.547e-05,6.59e-05,6.547e-05,1057.84664082,409,667,6710.0,5824,4473,3047.77241445,0.43930369999999996,3.2576248379742228,1.2218479445245374
2018-04-09T21:38:56.87,6.547e-05,6.586e-05,6.548e-05,1057.84919976,410,671,6681.59600001,5822,4470,3048.40270165,0.4374440901206547,6.484534865369192,1.2967119754931733
2018-04-09T21:39:30.997,6.553e-05,6.59e-05,6.554e-05,1057.87282594,415,674,6710.0,5821,4470,3049.53315083,0.43970630000000005,3.7559058915304853,1.5887405089607531
2018-04-09T21:40:03.09,6.62e-05,6.63e-05,6.6e-05,1058.75414146,416,667,6712.000009,5820,4466,3055.04290184,0.4443344005958,2.2442196881854244,1.1086707918950434
2018-04-09T21:40:41.26,6.682e-05,6.691e-05,6.687e-05,1060.75597035,416,658,6716.79010636,5823,4460,3050.00385182,0.4488159149069752,1.6466180544100566,1.9884652145759385
2018-04-09T21:41:12.01,6.77e-05,6.738e-05,6.706e-05,1062.41514652,420,655,6713.000009,5823,4459,3050.42067011,0.45447010060930004,5.854768850622143,1.8872279894078436
2018-04-09T21:41:41.107,6.706e-05,6.769e-05,6.738e-05,1065.49414844,410,657,6697.62000003,5824,4460,3052.1540789,0.44914239720201177,4.12110662822727,1.6041772831706183
2018-04-09T21:42:14.153,6.8e-05,6.8e-05,6.78e-05,1069.34687508,412,651,6697.62000006,5820,4458,3053.82449457,0.45543816000408,2.8414246522460123,1.3151384859951045
2018-04-09T21:42:46.12,6.84e-05,6.82e-05,6.74e-05,1071.01056633,406,654,6697.62000008,5819,4458,3054.60346244,0.45811720800547195,2.118756261534251,2.219115166017083
2018-04-09T21:43:18.137,6.738e-05,6.738e-05,6.707e-05,1076.05145951,402,662,6698.00000002,5824,4462,3056.64377058,0.45131124000134754,0.5720174772744946,5.531518376519986
2018-04-09T21:43:48.45,6.707e-05,6.706e-05,6.685e-05,1076.35597947,407,659,6709.0,5825,4462,3056.84917803,0.44997263000000004,1.4320245504092035,2.061173545131715
2018-04-09T21:44:17.887,6.704e-05,6.706e-05,6.704e-05,1077.74320672,412,662,6710.0,5829,4463,3051.90441751,0.44983839999999997,1.660153388923004,1.9530353349756542
2018-04-09T21:44:52.16,6.685e-05,6.797e-05,6.79e-05,1078.20932682,408,667,6710.00000001,5828,4462,3051.60359563,0.44856350000066847,2.1743903771417776,1.2430956584352562
2018-04-09T21:45:22.943,6.684e-05,6.684e-05,6.676e-05,1078.60760622,414,667,6710.00000001,5828,4462,3051.60359563,0.4484964000006684,3.442631421770078,3.0994595045953854
2018-04-09T21:46:20.52,6.749e-05,6.74e-05,6.685e-05,1078.90808288,421,669,6714.00000001,5827,4463,3049.88622605,0.45312786000067495,1.0551566327495252,4.15949745454519
2018-04-09T21:46:51.537,6.675e-05,6.675e-05,6.609e-05,1080.07084134,417,673,6711.0,5829,4463,3049.78533082,0.44795925,0.4623430891769408,5.035772116370623
2018-04-09T21:47:28.8,6.609e-05,6.674e-05,6.611e-05,1080.36130875,412,675,6730.0,5825,4463,3050.45686657,0.4447857,0.6985029534804301,1.2773150141759935
2018-04-09T21:48:01.78,6.609e-05,6.609e-05,6.6e-05,1080.70618393,414,682,6709.0,5825,4463,3050.77085427,0.44339781,0.8907317058012775,2.62628218053686
2018-04-09T21:48:30.637,6.609e-05,6.672e-05,6.613e-05,1081.63987547,419,681,6709.0,5824,4464,3050.88352928,0.44339781,0.5903574380893906,2.572838336611744
2018-04-09T21:49:04.767,6.575e-05,6.593e-05,6.575e-05,1082.14467791,409,685,6710.0,5825,4463,3051.42021623,0.4411825,0.7337615052634942,2.7326758109649654
2018-04-09T21:49:39.067,6.594e-05,6.594e-05,6.548e-05,1085.09058442,410,676,6729.0,5825,4462,3051.64841363,0.44371025999999997,0.9258604918527499,3.132539280064501
2018-04-09T21:50:09.467,6.593e-05,6.593e-05,6.56e-05,1085.27273337,418,681,6729.0,5824,4464,3054.04402742,0.44364297,1.7930737849012823,2.129265575783139
2018-04-09T21:50:42.117,6.55e-05,6.593e-05,6.55e-05,1086.66721262,419,683,6729.0,5823,4463,3050.89938204,0.4407495,1.0340732734689335,1.9201101106076646
2018-04-09T21:51:13.187,6.547e-05,6.594e-05,6.593e-05,1087.05674242,422,681,6729.0,5824,4464,3051.73845216,0.44054762999999997,1.7618223791488092,1.813734353464448
2018-04-09T21:51:42.857,6.594e-05,6.672e-05,6.593e-05,1087.82745238,433,681,6729.0,5823,4465,3054.92618876,0.44371025999999997,1.0110651374144055,1.6597922690886202
2018-04-09T21:52:15.133,6.593e-05,6.669e-05,6.594e-05,1089.17481941,432,681,6720.0,5819,4466,3056.4801864,0.4430496,0.8099315954764166,1.9506729346296692
2018-04-09T21:52:47.927,6.667e-05,6.666e-05,6.593e-05,1089.58360951,428,686,6729.5471,5820,4465,3057.39017038,0.44865890515699997,0.5977967317354225,1.0964096081922399
2018-04-09T21:53:17.853,6.666e-05,6.665e-05,6.595e-05,1090.03958029,436,688,6729.5471,5820,4465,3057.39017038,0.448591609686,0.5189270986584589,1.2154354824547324
2018-04-09T21:53:47.337,6.664e-05,6.666e-05,6.597e-05,1090.11348086,436,690,6709.0,5820,4463,3057.52961665,0.44708776,0.49617233823162765,2.9840607048289587
2018-04-09T21:54:20.763,6.667e-05,6.667e-05,6.598e-05,1090.53815803,434,696,6709.0,5819,4464,3057.97361665,0.44728903,0.5064130268361551,3.963852450673543
2018-04-09T21:54:51.123,6.599e-05,6.599e-05,6.598e-05,1090.761512,434,698,6710.0,5822,4465,3055.90193994,0.4427929,0.49260312698517833,1.144077490179561
2018-04-09T21:55:30.077,6.653e-05,6.653e-05,6.599e-05,1091.08117062,440,699,6710.00000007,5822,4466,3053.44421306,0.4464163000046571,1.4845549455725024,1.1115967852205346
2018-04-09T21:55:59.69,6.653e-05,6.653e-05,6.6e-05,1091.08170286,438,704,6710.00000007,5822,4466,3053.44421306,0.4464163000046571,2.4167429491725723,1.1493938460292965
2018-04-09T21:56:56.94,6.601e-05,6.652e-05,6.601e-05,1091.96254408,438,709,6726.54709999,5826,4465,3052.20020369,0.44401937407033987,0.8597800774278964,1.6216673044001029
2018-04-09T21:57:28.197,6.652e-05,6.652e-05,6.601e-05,1092.41404216,438,712,6726.54709999,5825,4464,3052.78068939,0.44744991309133475,0.5894866668579375,3.8662337646300102
2018-04-09T21:57:58.187,6.651e-05,6.649e-05,6.601e-05,1092.43787029,434,716,6726.54709999,5825,4463,3052.7959188,0.44738264762033486,0.5486798291672916,2.3717149888182476
2018-04-09T21:58:30.727,6.6e-05,6.6e-05,6.599e-05,1092.58338716,432,722,6709.0,5821,4462,3055.09545347,0.442794,0.4766640493372757,1.4358903378095293
2018-04-09T21:59:03.59,6.554e-05,6.554e-05,6.55e-05,1092.89878108,422,722,6709.0,5821,4462,3055.09545347,0.43970786,0.35822545949369106,1.5565492087412458
2018-04-09T21:59:33.337,6.554e-05,6.554e-05,6.547e-05,1093.06038866,421,726,6709.0,5821,4462,3055.21933594,0.43970786,0.7405415106303046,1.5965216131620585
2018-04-09T22:00:06.12,6.5e-05,6.506e-05,6.5e-05,1093.84375464,405,728,6709.0,5817,4463,3056.39317828,0.43608499999999994,0.1667808583482375,0.8106790538040807
2018-04-09T22:00:37.513,6.464e-05,6.464e-05,6.451e-05,1094.29071833,400,724,6709.0,5816,4460,3056.43422596,0.43366976,1.773820257435113,1.005601234531493
2018-04-09T22:01:09.003,6.442e-05,6.464e-05,6.441e-05,1095.39706387,401,723,6695.0,5820,4460,3066.30401043,0.43129189999999995,0.9137983530759641,0.6504301709336826
2018-04-09T22:01:41.047,6.5e-05,6.547e-05,6.5e-05,1096.4376428,409,719,6690.457,5818,4459,3066.97803033,0.434879705,1.402954914310561,0.8160490564665167
2018-04-09T22:02:11.763,6.625e-05,6.619e-05,6.551e-05,1096.96986004,404,713,6690.00000007,5824,4462,3065.17429669,0.4432125000046375,2.817253928629869,1.4267722620770031
2018-04-09T22:02:42.71,6.61e-05,6.61e-05,6.552e-05,1097.12024842,410,716,6690.00000026,5821,4463,3062.53605794,0.44220900001718594,2.5905460604751256,1.431622047203372
2018-04-09T22:03:14.377,6.619e-05,6.62e-05,6.619e-05,1097.40208315,419,717,6690.00000029,5822,4462,3061.32197094,0.4428111000191951,2.3364279924683187,1.6679058548513228
2018-04-09T22:03:45.45,6.619e-05,6.62e-05,6.619e-05,1098.66687016,417,715,6691.00000001,5824,4463,3062.20461296,0.4428772900006619,1.8538915085293843,1.877779581635187
2018-04-09T22:04:17.08,6.634e-05,6.644e-05,6.618e-05,1099.9082614,416,711,6691.00000001,5824,4463,3060.96646076,0.4438809400006634,1.7307057743610008,1.8226552584164462
2018-04-09T22:04:46.443,6.618e-05,6.634e-05,6.619e-05,1099.9821883,415,714,6691.00000001,5824,4463,3060.96646076,0.44281038000066186,4.3497671251004375,2.5486648739767657
2018-04-09T22:05:17.49,6.619e-05,6.633e-05,6.619e-05,1101.0579855,419,717,6691.00000001,5824,4463,3060.96646076,0.4428772900006619,2.0392322666579674,3.3599367194207472
2018-04-09T22:05:50.623,6.619e-05,6.619e-05,6.618e-05,1102.33444733,423,718,6691.00000005,5821,4466,3053.51098083,0.44287729000330955,1.2850971273285867,3.6166456070824955
2018-04-09T22:06:20.91,6.618e-05,6.619e-05,6.56e-05,1102.74425019,425,721,6691.00000006,5821,4465,3053.55815272,0.4428103800039709,0.956722434737782,2.823010473294455
2018-04-09T22:07:20.277,6.563e-05,6.615e-05,6.564e-05,1102.8867776,425,727,6729.54709998,5821,4465,3052.98587238,0.44166017617168735,0.9360948883917429,1.7096842596856008
2018-04-09T22:07:52.13,6.567e-05,6.615e-05,6.567e-05,1102.90457948,430,734,6700.0,5818,4465,3053.2702954,0.439989,0.9171642311727526,2.8106707846283334
2018-04-09T22:08:22.823,6.567e-05,6.612e-05,6.568e-05,1102.90457948,430,734,6729.54709999,5820,4463,3053.85549924,0.4419293580563433,1.1149913205961224,2.6668136175226733
2018-04-09T22:08:52.1,6.567e-05,6.612e-05,6.569e-05,1102.9164095,433,729,6691.0,5813,4465,3054.83979751,0.43939796999999997,1.1583016799512162,2.467522242820771
2018-04-09T22:09:25.55,6.612e-05,6.61e-05,6.571e-05,1102.91693846,436,730,6729.54709998,5813,4464,3055.09456406,0.44495765425067757,3.3579953649227963,1.8053236649359348
