timestamp,tick,ask,bid,vol,buys,sells,btc_tick,btc_buys,btc_sells,btc_vol,usdt,first_page_buy_orders,first_page_sell_orders
2018-03-15T22:01:51.17,1.669e-05,1.669e-05,1.666e-05,234.0838902,588,2683,8325.0,5217,5000,6275.35489053,0.13894425000000002,0,0
2018-03-15T22:01:51.17,1.669e-05,1.669e-05,1.666e-05,234.0838902,588,2683,8324.99999999,5219,4999,6274.8234728,0.1389442499998331,0,0
2018-03-15T22:01:51.17,1.669e-05,1.669e-05,1.666e-05,234.0838902,588,2683,8324.99999999,5215,5000,6272.04709542,0.1389442499998331,0,0
2018-03-15T22:01:51.17,1.669e-05,1.669e-05,1.666e-05,234.0838902,588,2683,8325.0,5214,5002,6262.54856581,0.13894425000000002,0,0
2018-03-15T22:01:51.17,1.669e-05,1.669e-05,1.666e-05,234.0838902,588,2683,8324.99999999,5214,5007,6258.19931744,0.1389442499998331,0,0
2018-03-15T22:01:51.17,1.669e-05,1.669e-05,1.666e-05,234.0838902,588,2683,8324.99999999,5217,5008,6252.34190122,0.1389442499998331,0,0
2018-03-15T22:01:51.17,1.669e-05,1.669e-05,1.666e-05,234.0838902,588,2683,8315.99999999,5218,5007,6240.75421927,0.13879403999983309,0,0
2018-03-15T22:01:51.17,1.669e-05,1.669e-05,1.666e-05,234.0838902,588,2683,8315.99999999,5217,5009,6245.28100903,0.13879403999983309,0,0
2018-03-15T22:01:51.17,1.669e-05,1.669e-05,1.666e-05,234.0838902,588,2683,8310.00000002,5216,5010,6241.85792627,0.1386939000003338,0,0
2018-03-15T22:01:51.17,1.669e-05,1.669e-05,1.666e-05,234.0838902,588,2683,8300.10000002,5216,5009,6236.4613626,0.1385286690003338,0,0
2018-03-15T22:01:51.17,1.669e-05,1.669e-05,1.666e-05,234.0838902,588,2683,8300.10000003,5215,5009,6236.20683124,0.1385286690005007,0,0
2018-03-15T22:01:51.17,1.669e-05,1.669e-05,1.666e-05,234.0838902,588,2683,8300.0,5207,5012,6234.93077608,0.138527,0,0
2018-03-15T22:01:51.17,1.669e-05,1.669e-05,1.666e-05,234.0838902,588,2683,8292.0,5208,5013,6234.86471346,0.13839348,0,0
2018-03-15T22:01:51.17,1.669e-05,1.669e-05,1.666e-05,234.0838902,588,2683,8300.0,5205,5013,6235.50882362,0.138527,0,0
2018-03-15T22:01:51.17,1.669e-05,1.669e-05,1.666e-05,234.0838902,588,2683,8276.00000001,5201,5019,6233.36261209,0.1381264400001669,0,0
2018-03-15T22:01:51.17,1.669e-05,1.669e-05,1.666e-05,234.0838902,588,2683,8272.0,5200,5014,6230.91047212,0.13805968000000002,0,0
2018-03-15T22:01:51.17,1.669e-05,1.669e-05,1.666e-05,234.0838902,588,2683,8272.0,5199,5018,6231.1427299,0.13805968000000002,0,0
2018-03-15T22:01:51.17,1.669e-05,1.669e-05,1.666e-05,234.0838902,588,2683,8260.19485001,5203,5015,6229.66123549,0.13786265204666692,0,0
2018-03-15T22:01:51.17,1.669e-05,1.669e-05,1.666e-05,234.0838902,588,2683,8276.00000001,5201,5016,6226.74856706,0.1381264400001669,0,0
2018-03-15T22:01:51.17,1.669e-05,1.669e-05,1.666e-05,234.0838902,588,2683,8260.19485007,5204,5017,6216.10786747,0.13786265204766832,0,0
2018-03-15T22:01:51.17,1.669e-05,1.669e-05,1.666e-05,234.0838902,588,2683,8300.00000002,5204,5015,6216.44990026,0.1385270000003338,0,0
2018-03-15T22:01:51.17,1.669e-05,1.669e-05,1.666e-05,234.0838902,588,2683,8300.00000002,5212,5018,6215.80731824,0.1385270000003338,0,0
2018-03-15T22:01:51.17,1.669e-05,1.669e-05,1.666e-05,234.0838902,588,2683,8300.00000002,5205,5015,6218.61379586,0.1385270000003338,0,0
2018-03-15T22:01:51.17,1.669e-05,1.669e-05,1.666e-05,234.0838902,588,2683,8295.25059501,5209,5021,6216.09443032,0.13844773243071692,0,0
2018-03-15T22:01:51.17,1.669e-05,1.669e-05,1.666e-05,234.0838902,588,2683,8290.50119,5209,5021,6214.67219265,0.13836846486110002,0,0
2018-03-15T22:01:51.17,1.669e-05,1.669e-05,1.666e-05,234.0838902,588,2683,8298.00000002,5211,5017,6214.461453,0.1384936200003338,0,0
2018-03-15T22:01:51.17,1.669e-05,1.669e-05,1.666e-05,234.0838902,588,2683,8298.00000002,5210,5016,6209.72475389,0.1384936200003338,0,0
2018-03-15T22:01:51.17,1.669e-05,1.669e-05,1.666e-05,234.0838902,588,2683,8296.12529752,5214,5021,6207.61160667,0.13846233121560883,0,0
2018-03-15T22:01:51.17,1.669e-05,1.669e-05,1.666e-05,234.0838902,588,2683,8296.12529752,5217,5021,6207.31977504,0.13846233121560883,0,0
2018-03-15T22:01:51.17,1.669e-05,1.669e-05,1.666e-05,234.0838902,588,2683,8300.00000002,5221,5020,6207.29559648,0.1385270000003338,0,0
2018-03-15T22:01:51.17,1.669e-05,1.669e-05,1.666e-05,234.0838902,588,2683,8290.00000001,5221,5019,6207.40959007,0.13836010000016694,0,0
2018-03-15T22:01:51.17,1.669e-05,1.669e-05,1.666e-05,234.0838902,588,2683,8335.0,5221,5015,6204.40000373,0.13911115000000002,0,0
2018-03-15T22:01:51.17,1.669e-05,1.669e-05,1.666e-05,234.0838902,588,2683,8312.5,5221,5017,6203.27325756,0.138735625,0,0
2018-03-15T22:01:51.17,1.669e-05,1.669e-05,1.666e-05,234.0838902,588,2683,8315.0,5221,5018,6200.60842426,0.13877735000000002,0,0
2018-03-15T22:01:51.17,1.669e-05,1.669e-05,1.666e-05,234.0838902,588,2683,8291.0,5221,5022,6201.06169884,0.13837679,0,0
2018-03-15T22:01:51.17,1.669e-05,1.669e-05,1.666e-05,234.0838902,588,2683,8291.0,5226,5024,6200.56576,0.13837679,0,0
2018-03-15T22:01:51.17,1.669e-05,1.669e-05,1.666e-05,234.0838902,588,2683,8291.1,5224,5023,6200.42246573,0.138378459,0,0
2018-03-15T22:01:51.17,1.669e-05,1.669e-05,1.666e-05,234.0838902,588,2683,8295.1,5225,5025,6200.03833095,0.138445219,0,0
2018-03-15T22:01:51.17,1.669e-05,1.669e-05,1.666e-05,234.0838902,588,2683,8290.0,5226,5026,6197.87543246,0.1383601,0,0
2018-03-15T22:01:51.17,1.669e-05,1.669e-05,1.666e-05,234.0838902,588,2683,8295.0,5227,5029,6197.99855405,0.13844355,0,0
2018-03-15T22:01:51.17,1.669e-05,1.669e-05,1.666e-05,234.0838902,588,2683,8280.0,5229,5027,6194.43301702,0.13819320000000002,0,0
2018-03-15T22:01:51.17,1.669e-05,1.669e-05,1.666e-05,234.0838902,588,2683,8280.0,5229,5028,6194.48488878,0.13819320000000002,0,0
2018-03-15T22:01:51.17,1.669e-05,1.669e-05,1.666e-05,234.0838902,588,2683,8280.0,5229,5029,6194.05448556,0.13819320000000002,0,0
2018-03-15T22:01:51.17,1.669e-05,1.669e-05,1.666e-05,234.0838902,588,2683,8280.0,5233,5031,6191.98995332,0.13819320000000002,0,0
2018-03-15T22:01:51.17,1.669e-05,1.669e-05,1.666e-05,234.0838902,588,2683,8280.0,5233,5031,6191.98995332,0.13819320000000002,0,0
2018-03-15T22:01:51.17,1.669e-05,1.669e-05,1.666e-05,234.0838902,588,2683,8295.0,5231,5032,6190.28050807,0.13844355,0,0
2018-03-15T22:01:51.17,1.669e-05,1.669e-05,1.666e-05,234.0838902,588,2683,8295.0,5232,5034,6189.6603594,0.13844355,0,0
2018-03-15T22:01:51.17,1.669e-05,1.669e-05,1.666e-05,234.0838902,588,2683,8280.0,5232,5036,6189.11894918,0.13819320000000002,0,0
2018-03-15T22:01:51.17,1.669e-05,1.669e-05,1.666e-05,234.0838902,588,2683,8276.00000001,5226,5041,6197.03129206,0.1381264400001669,0,0
2018-03-15T22:01:51.17,1.669e-05,1.669e-05,1.666e-05,234.0838902,588,2683,8260.5,5225,5035,6198.15705903,0.137867745,0,0
2018-03-15T22:01:51.17,1.669e-05,1.669e-05,1.666e-05,234.0838902,588,2683,8255.16,5222,5035,6198.81897567,0.1377786204,0,0
2018-03-15T22:01:51.17,1.669e-05,1.669e-05,1.666e-05,234.0838902,588,2683,8255.16,5227,5036,6198.05392076,0.1377786204,0,0
2018-03-15T22:01:51.17,1.669e-05,1.669e-05,1.666e-05,234.0838902,588,2683,8254.0,5228,5036,6197.75207354,0.13775926000000002,0,0
2018-03-15T22:01:51.17,1.669e-05,1.669e-05,1.666e-05,234.0838902,588,2683,8276.00000002,5230,5036,6197.57723788,0.1381264400003338,0,0
2018-03-15T22:01:51.17,1.669e-05,1.669e-05,1.666e-05,234.0838902,588,2683,8255.16,5233,5033,6197.3462074,0.1377786204,0,0
2018-03-15T22:01:51.17,1.669e-05,1.669e-05,1.666e-05,234.0838902,588,2683,8275.98,5241,5035,6197.33635967,0.13812610620000002,0,0
2018-03-15T22:01:51.17,1.669e-05,1.669e-05,1.666e-05,234.0838902,588,2683,8275.98,5238,5035,6196.13081482,0.13812610620000002,0,0
2018-03-15T22:01:51.17,1.669e-05,1.669e-05,1.666e-05,234.0838902,588,2683,8250.0,5239,5036,6196.29616021,0.13769250000000002,0,0
2018-03-15T22:01:51.17,1.669e-05,1.669e-05,1.666e-05,234.0838902,588,2683,8250.0,5245,5036,6192.41351091,0.13769250000000002,0,0
2018-03-15T22:01:51.17,1.669e-05,1.669e-05,1.666e-05,234.0838902,588,2683,8275.98,5247,5036,6192.79854668,0.13812610620000002,0,0
2018-03-15T22:01:51.17,1.669e-05,1.669e-05,1.666e-05,234.0838902,588,2683,8275.98,5246,5036,6192.9847766,0.13812610620000002,0,0
2018-03-15T22:01:51.17,1.669e-05,1.669e-05,1.666e-05,234.0838902,588,2683,8290.0,5249,5038,6188.62653703,0.1383601,0,0
2018-03-15T22:01:51.17,1.669e-05,1.669e-05,1.666e-05,234.0838902,588,2683,8290.0,5250,5038,6184.39141326,0.1383601,0,0
2018-03-15T22:01:51.17,1.669e-05,1.669e-05,1.666e-05,234.0838902,588,2683,8290.0,5250,5038,6184.39141326,0.1383601,0,0
2018-03-15T22:01:51.17,1.669e-05,1.669e-05,1.666e-05,234.0838902,588,2683,8290.0,5253,5039,6184.53354852,0.1383601,0,0
2018-03-15T22:01:51.17,1.669e-05,1.669e-05,1.666e-05,234.0838902,588,2683,8290.0,5253,5039,6184.53354852,0.1383601,0,0
2018-03-15T22:01:51.17,1.669e-05,1.669e-05,1.666e-05,234.0838902,588,2683,8290.0,5253,5039,6184.53354852,0.1383601,0,0
2018-03-15T22:01:51.17,1.669e-05,1.669e-05,1.666e-05,234.0838902,588,2683,8289.0,5258,5040,6173.98329639,0.13834341,0,0
2018-03-15T22:01:51.17,1.669e-05,1.669e-05,1.666e-05,234.0838902,588,2683,8289.0,5261,5039,6173.24694833,0.13834341,0,0
2018-03-15T22:01:51.17,1.669e-05,1.669e-05,1.666e-05,234.0838902,588,2683,8289.0,5264,5041,6172.92186282,0.13834341,0,0
2018-03-15T22:01:51.17,1.669e-05,1.669e-05,1.666e-05,234.0838902,588,2683,8289.0,5261,5040,6173.07438401,0.13834341,0,0
2018-03-15T22:01:51.17,1.669e-05,1.669e-05,1.666e-05,234.0838902,588,2683,8290.0,5262,5038,6174.72625733,0.1383601,0,0
2018-03-15T22:01:51.17,1.669e-05,1.669e-05,1.666e-05,234.0838902,588,2683,8325.0,5261,5022,6179.87383986,0.13894425000000002,0,0
2018-03-15T22:01:51.17,1.669e-05,1.669e-05,1.666e-05,234.0838902,588,2683,8338.0,5270,5020,6177.48596456,0.13916122,0,0
2018-03-15T22:01:51.17,1.669e-05,1.669e-05,1.666e-05,234.0838902,588,2683,8301.00000001,5268,5019,6178.17650577,0.13854369000016692,0,0
2018-03-15T23:00:04.797,1.669e-05,0.0,0.0,234.0838902,588,2683,8360.0,5266,5016,6181.96258722,0.1395284,0,0
2018-03-15T23:00:04.797,1.669e-05,0.0,0.0,234.0838902,588,2683,8359.98499999,5267,5014,6183.72929315,0.1395281496498331,0,0
2018-03-15T23:00:04.797,1.669e-05,0.0,0.0,234.0838902,588,2683,8359.98499999,5267,5014,6183.72929315,0.1395281496498331,0,0
2018-03-15T23:02:05.983,1.669e-05,5e-05,1.62e-05,234.0838902,588,2683,8303.00000002,5272,5020,6183.57251014,0.1385770700003338,1.3759417600490822,55.70184700620972
2018-03-15T23:02:36.173,2.799e-05,2.5e-05,1.698e-05,228.91254802,26,21,8336.6051128,5275,5021,6183.59987613,0.23334157710727202,0.40530638663185425,10.439856704727735
2018-03-15T23:03:08.957,1.726e-05,1.895e-05,1.696e-05,228.94459405,14,31,8336.6051128,5275,5021,6183.59987613,0.14388980424692802,1.310536421150012,7.063262839651859
2018-03-15T23:03:38.927,1.712e-05,1.722e-05,1.713e-05,228.98790253,18,42,8339.93868958,5274,5021,6181.35866556,0.14277975036560958,3.5684764862532807,0.34948033330141914
2018-03-15T23:04:10.567,1.85e-05,1.84e-05,1.749e-05,229.30122362,31,36,8300.6051128,5266,5022,6183.34837871,0.15356119458679998,1.291167934136499,4.52994486420527
2018-03-15T23:04:41.05,1.842e-05,1.746e-05,1.732e-05,233.47493959,23,49,8310.0,5271,5024,6182.55951951,0.1530702,2.3793192289826868,0.2852497816978251
2018-03-15T23:05:12.77,1.74e-05,1.757e-05,1.732e-05,233.49648852,25,55,8330.0,5271,5027,6180.29659434,0.144942,1.8256713457288103,0.6459985909678317
2018-03-15T23:05:48.677,1.727e-05,1.732e-05,1.727e-05,234.29390799,23,62,8310.0,5271,5026,6179.12300275,0.1435137,2.235148314726882,2.6916750310062443
2018-03-15T23:06:19.307,1.732e-05,1.744e-05,1.732e-05,234.44788308,30,65,8260.00100622,5260,5029,6179.49812685,0.1430632174277304,1.0568909771498116,3.9704476593484004
2018-03-15T23:06:50.21,1.728e-05,1.65e-05,1.631e-05,235.27325772,32,67,8260.00100622,5260,5029,6179.49812685,0.14273281738748161,1.4560912960448278,3.6037277925131868
2018-03-15T23:07:21.34,1.639e-05,1.708e-05,1.696e-05,236.27699116,43,74,8260.00100622,5260,5029,6179.49812685,0.1353814164919458,0.20768839947862,1.7634179034980737
2018-03-15T23:07:53.077,1.7e-05,1.725e-05,1.7e-05,236.67858411,53,77,8260.00100622,5260,5029,6179.49812685,0.14042001710574,0.9190359012191078,1.5307546205972302
2018-03-15T23:08:24.047,1.744e-05,1.761e-05,1.754e-05,237.99070033,57,75,8275.0,5267,5029,6176.13627137,0.144316,0.4564279296464814,3.852285701046149
2018-03-15T23:08:55.16,1.76e-05,1.761e-05,1.76e-05,239.51241905,62,74,8309.672799,5266,5028,6176.85657303,0.1462502412624,2.8610030488106815,3.462235670081743
2018-03-15T23:09:26.35,1.899e-05,1.899e-05,1.846e-05,243.52528278,64,54,8250.0,5264,5029,6177.27000184,0.1566675,2.6380575011585132,5.401151299636758
2018-03-15T23:09:56.99,1.908e-05,1.876e-05,1.83e-05,246.03323999,58,63,8300.67279899,5268,5028,6174.99165339,0.15837683700472918,0.40618867144889975,1.986848702920423
2018-03-15T23:10:38.477,1.814e-05,1.812e-05,1.747e-05,248.76709136,67,88,8257.27465742,5268,5027,6174.51588069,0.1497869622855988,1.7315476473170892,2.4460872032852823
2018-03-15T23:11:09.99,1.851e-05,1.859e-05,1.85e-05,250.18075744,72,87,8305.582411,5271,5027,6175.50583692,0.15373633042761,1.6939968465590343,1.821040186121213
2018-03-15T23:11:40.777,1.85e-05,1.85e-05,1.812e-05,253.25858011,70,100,8305.582411,5274,5026,6175.28543678,0.15365327460349998,2.106210085226206,2.273703481855092
2018-03-15T23:12:46.737,1.815e-05,1.815e-05,1.803e-05,255.08460677,73,113,8305.582411,5273,5028,6173.38582026,0.15074632075965,1.131217015665489,0.7767698992478527
2018-03-15T23:13:18.57,1.851e-05,1.866e-05,1.851e-05,255.99607371,84,110,8319.0,5271,5027,6172.63307131,0.15398469,2.907038892147151,2.6130392321806464
2018-03-15T23:13:48.777,1.881e-05,1.85e-05,1.833e-05,257.31398768,84,119,8309.7079112,5267,5029,6172.75527958,0.15630560580967198,1.3319632066364282,2.173604340175268
2018-03-15T23:14:21.373,1.8e-05,1.833e-05,1.8e-05,259.67272975,76,122,8270.00100005,5267,5030,6172.77116114,0.1488600180009,1.6574662457430396,1.7734652352032498
2018-03-15T23:14:51.797,1.797e-05,1.797e-05,1.79e-05,260.37194058,78,127,8338.99999999,5271,5032,6172.77319925,0.14985182999982027,2.2789599673913123,0.8900779728303282
2018-03-15T23:15:22.813,1.796e-05,1.796e-05,1.772e-05,261.61010796,78,134,8338.99999999,5271,5032,6172.77319925,0.1497684399998204,2.2832746984185275,1.3087521886878786
2018-03-15T23:15:53.393,1.772e-05,1.794e-05,1.772e-05,261.89388733,77,139,8338.99999999,5271,5032,6172.77319925,0.14776707999982278,1.1296505287597287,1.2199943663456942
2018-03-15T23:16:25.003,1.744e-05,1.749e-05,1.745e-05,263.04718602,75,155,8316.99999999,5276,5033,6169.48628759,0.1450484799998256,1.6543623031056962,2.487047560722281
2018-03-15T23:16:56.1,1.761e-05,1.8e-05,1.772e-05,263.68666385,81,160,8316.99999999,5276,5031,6169.48732358,0.14646236999982387,1.5201684195354794,1.204056935539075
2018-03-15T23:17:26.727,1.829e-05,1.85e-05,1.808e-05,264.25085867,85,159,8300.0,5274,5033,6169.68033546,0.151807,1.3022749630672064,1.4289523758132017
2018-03-15T23:17:58.293,1.83e-05,1.849e-05,1.831e-05,265.48730318,85,163,8300.0,5274,5033,6169.68033546,0.15189,1.3185931282956458,1.509346706490741
2018-03-15T23:18:27.2,1.801e-05,1.79e-05,1.761e-05,266.63391049,80,171,8290.001,5276,5038,6166.85110264,0.14930291800999998,1.2065214611321688,3.204666106475648
2018-03-15T23:18:59.343,1.788e-05,1.779e-05,1.761e-05,267.15556251,77,183,8290.001,5275,5035,6167.63363449,0.14822521788,1.6134739409648327,2.02220521113025
2018-03-15T23:19:31.173,1.779e-05,1.769e-05,1.761e-05,267.25253805,79,190,8300.0,5278,5034,6168.55429833,0.147657,1.455430690522341,1.7992464394095777
2018-03-15T23:20:01.91,1.745e-05,1.789e-05,1.769e-05,268.70401462,76,198,8300.0,5281,5034,6169.32129564,0.144835,2.1999041458495427,1.2209320983824745
2018-03-15T23:20:33.497,1.789e-05,1.79e-05,1.789e-05,268.79275423,80,211,8300.0,5280,5035,6169.28318953,0.148487,0.9998365443607371,1.5309912150758016
2018-03-15T23:21:04.14,1.761e-05,1.789e-05,1.77e-05,269.28614726,79,217,8290.001,5284,5037,6169.46451699,0.14598691761,2.0000190915178186,2.260210557422874
2018-03-15T23:21:34.593,1.769e-05,1.778e-05,1.769e-05,269.4120101,85,221,8290.001,5290,5040,6168.84044906,0.14665011769,1.2627543190118848,2.1718663344926097
2018-03-15T23:22:05.923,1.789e-05,1.779e-05,1.769e-05,270.34405888,88,223,8300.0,5290,5045,6167.84164933,0.148487,1.5299730918275485,2.101150530031818
2018-03-15T23:23:12.64,1.789e-05,1.795e-05,1.789e-05,270.54264893,98,239,8290.001,5286,5048,6168.44918034,0.14830811789,1.663859190670103,2.3995190367929484
2018-03-15T23:23:41.653,1.815e-05,1.83e-05,1.8e-05,271.10067362,94,233,8284.8,5289,5051,6169.38399553,0.15036912,2.839666477404609,2.319471752371741
2018-03-15T23:24:14.203,1.825e-05,1.825e-05,1.797e-05,272.62889739,88,234,8259.43608018,5285,5049,6170.79853526,0.150734708463285,0.9695274949974422,2.0093179806666477
2018-03-15T23:24:46.223,1.823e-05,1.815e-05,1.794e-05,272.70968594,92,245,8259.43608018,5287,5049,6170.87963223,0.1505695197416814,1.7497352122532859,1.6623091683775875
2018-03-15T23:25:18.553,1.793e-05,1.8e-05,1.791e-05,273.21299907,92,248,8259.43608018,5287,5049,6170.87963223,0.1480916889176274,1.0437774397949622,1.7929482767231948
2018-03-15T23:25:48.743,1.8e-05,1.8e-05,1.799e-05,273.96040342,89,258,8259.43608018,5297,5051,6165.58536272,0.14866984944324,0.9833022190087916,2.0154732361923804
2018-03-15T23:26:19.243,1.794e-05,1.805e-05,1.794e-05,274.15724994,94,263,8253.9,5295,5045,6167.76594434,0.148074966,1.102766718222177,1.6977935443143637
2018-03-15T23:26:50.493,1.8e-05,1.8e-05,1.795e-05,274.38815119,103,275,8250.50200003,5295,5050,6165.10621342,0.14850903600054,1.0678126486606374,1.3333740744506688
2018-03-15T23:27:21.67,1.794e-05,1.794e-05,1.789e-05,274.60784332,94,284,8293.9,5295,5050,6161.78718919,0.14879256600000001,0.9959712444932023,2.0428092108539757
2018-03-15T23:27:52.157,1.8e-05,1.812e-05,1.8e-05,274.69426956,95,287,8290.0,5294,5049,6156.5891699,0.14922,1.1058663069141654,2.2765520291784678
2018-03-15T23:28:21.437,1.8e-05,1.799e-05,1.796e-05,275.52830648,91,301,8250.002,5296,5052,6151.41155129,0.148500036,1.2680539378700577,2.1379724356533227
2018-03-15T23:28:53.813,1.799e-05,1.797e-05,1.774e-05,275.72232278,90,308,8289.9,5299,5050,6149.65538593,0.14913530099999997,1.4594667019411034,0.7382777162077093
2018-03-15T23:29:25.987,1.798e-05,1.791e-05,1.776e-05,275.73131218,86,312,8250.60200003,5299,5050,6148.80764226,0.14834582396053939,1.2067026050526428,1.774957860759971
2018-03-15T23:29:56.3,1.74e-05,1.79e-05,1.741e-05,277.84571275,86,318,8250.60200003,5295,5050,6147.07192677,0.14356047480052198,2.310369980332085,1.0750993177209234
2018-03-15T23:30:27.91,1.776e-05,1.741e-05,1.729e-05,278.08724302,82,320,8279.0,5301,5057,6146.50508723,0.14703504,1.299728045230966,0.4691023708874205
2018-03-15T23:31:00.163,1.742e-05,1.76e-05,1.745e-05,279.7070936,99,335,8279.0,5299,5057,6144.52341713,0.14422018,1.2541313357269326,0.7776633660075203
2018-03-15T23:31:33.523,1.741e-05,1.73e-05,1.729e-05,280.18187878,99,336,8250.50200003,5294,5055,6141.59967691,0.1436412398205223,1.0445789790037416,1.0287617316561912
2018-03-15T23:32:04.167,1.706e-05,1.7e-05,1.699e-05,281.30434808,92,347,8245.0,5284,5059,6145.86043624,0.1406597,1.6003861320366892,1.3236655680640177
2018-03-15T23:32:36.217,1.688e-05,1.71e-05,1.692e-05,283.25744735,88,345,8223.2741136,5272,5063,6151.46997618,0.138808867037568,2.6049410758854554,0.9983537554278992
2018-03-15T23:33:37.273,1.657e-05,1.67e-05,1.657e-05,284.36181937,86,358,8240.0,5278,5059,6152.89008896,0.13653679999999999,1.2260894934337268,1.6761152652605875
2018-03-15T23:34:08.65,1.656e-05,1.676e-05,1.662e-05,284.96595478,88,358,8216.00000002,5275,5062,6153.06638533,0.1360569600003312,0.9111859879327329,1.530668505936546
2018-03-15T23:34:39.2,1.664e-05,1.689e-05,1.664e-05,285.0144469,98,359,8228.0,5276,5058,6153.2261737,0.13691392,0.6724328672564772,1.935047236515239
2018-03-15T23:35:09.377,1.686e-05,1.686e-05,1.664e-05,285.26877154,107,360,8228.0,5276,5058,6153.2261737,0.13872408,0.6273810411064519,1.6400496690121171
2018-03-15T23:35:39.1,1.665e-05,1.686e-05,1.665e-05,285.62494589,108,364,8269.0,5278,5060,6150.22741078,0.13767885000000002,1.1635725139957402,1.5796594889647348
2018-03-15T23:36:12.46,1.69e-05,1.688e-05,1.685e-05,286.12046597,112,372,8262.7255272,5276,5064,6150.17044443,0.13964006140968002,0.786054975032315,1.9984275635079816
2018-03-15T23:36:43.153,1.688e-05,1.69e-05,1.685e-05,286.57214665,114,376,8230.767,5278,5068,6150.01646011,0.13893534696,0.635954480776064,2.253144779224122
2018-03-15T23:37:13.16,1.69e-05,1.69e-05,1.685e-05,286.64901184,118,379,8230.0,5280,5066,6149.96726367,0.13908700000000002,1.0457612597412003,2.532044597731181
2018-03-15T23:37:45.567,1.685e-05,1.684e-05,1.67e-05,286.70765571,118,390,8255.767,5283,5063,6148.54097802,0.13910967394999998,0.9429573221229512,1.9668432013407284
2018-03-15T23:38:16.837,1.667e-05,1.679e-05,1.66e-05,286.76479836,113,392,8255.767,5281,5063,6146.1222323,0.13762363589,1.5345119729111112,2.173031779835403
2018-03-15T23:38:46.2,1.66e-05,1.66e-05,1.657e-05,286.98116859,103,393,8230.0,5287,5059,6149.20970148,0.136618,1.4861984439083362,1.6980068512449877
2018-03-15T23:39:18.53,1.661e-05,1.676e-05,1.669e-05,287.54887219,110,396,8254.0,5287,5057,6149.22677652,0.13709893999999997,1.3795679046946634,2.3694334097756125
2018-03-15T23:39:49.657,1.669e-05,1.669e-05,1.664e-05,287.50301561,116,407,8254.0,5287,5057,6149.22677652,0.13775926000000002,1.1842459984638483,2.4911220147106405
2018-03-15T23:40:20.397,1.669e-05,1.669e-05,1.664e-05,287.5063536,114,411,8245.0,5290,5061,6148.01555137,0.13760905,1.7703651691218822,1.9103785043589794
2018-03-15T23:40:47.777,1.669e-05,1.669e-05,1.666e-05,287.57499194,124,414,8230.00000001,5292,5064,6149.88843418,0.13735870000016692,1.8731658723635558,2.515840603217452
2018-03-15T23:41:22.483,1.665e-05,1.668e-05,1.666e-05,287.65288448,121,420,8245.0,5300,5064,6150.64602411,0.13727925000000002,2.110841674555349,1.9772342581325677
2018-03-15T23:41:51.17,1.668e-05,1.668e-05,1.666e-05,288.14706603,122,423,8250.0,5305,5059,6151.81579214,0.13761,1.9699398623986781,2.4801718641722905
2018-03-15T23:42:23.55,1.666e-05,1.668e-05,1.664e-05,288.20499928,120,426,8230.0,5304,5063,6151.24181234,0.1371118,1.9161724983900024,2.524934040057782
2018-03-15T23:42:55.54,1.664e-05,1.668e-05,1.663e-05,288.27086445,118,432,8230.0,5305,5063,6150.31357889,0.1369472,1.8709696951578232,2.471505641845031
2018-03-15T23:43:27.263,1.664e-05,1.668e-05,1.663e-05,288.36281731,118,434,8250.0,5306,5061,6144.64117883,0.13728,1.1395371137452885,2.383910039961057
2018-03-15T23:44:06.983,1.652e-05,1.676e-05,1.651e-05,288.646886,111,438,8240.0,5308,5063,6143.57351254,0.13612480000000002,1.3215441528538239,2.2897483035898336
2018-03-15T23:44:38.11,1.625e-05,1.643e-05,1.625e-05,289.82685662,97,443,8236.0,5312,5063,6142.16481288,0.13383499999999998,1.0720840137903491,2.9314985999901992
2018-03-15T23:45:09.547,1.629e-05,1.629e-05,1.627e-05,289.83609718,110,459,8250.0,5303,5065,6145.32602381,0.13439250000000003,1.538998849951165,1.1194161095417596
2018-03-15T23:45:39.85,1.62e-05,1.62e-05,1.611e-05,289.7987231,102,467,8250.0,5298,5067,6160.39923375,0.13365000000000002,1.6200753954097145,1.0474331928366865
2018-03-15T23:46:11.917,1.62e-05,1.653e-05,1.652e-05,289.94993094,103,466,8250.0,5299,5067,6160.48123925,0.13365000000000002,0.7968320016705843,1.049239275775631
2018-03-15T23:46:42.277,1.661e-05,1.676e-05,1.661e-05,290.1896562,228,471,8270.2994632,5302,5067,6160.75565372,0.137369674083752,0.36196664010921875,1.0472511845166728
2018-03-15T23:47:12.557,1.66e-05,1.66e-05,1.656e-05,290.21088854,232,476,8270.37692,5311,5064,6160.64247097,0.13728825687200003,0.2873151607327285,0.9457298792215664
2018-03-15T23:47:44.7,1.657e-05,1.66e-05,1.657e-05,290.31310469,235,487,8272.0,5316,5062,6160.21112658,0.13706704,0.266749350661061,1.1893125841977834
2018-03-15T23:48:14.64,1.657e-05,1.657e-05,1.656e-05,290.41590245,229,493,8270.2994632,5315,5065,6152.6553676,0.137038862105224,0.2819530651632881,1.4145142086941729
2018-03-15T23:48:46.3,1.66e-05,1.673e-05,1.66e-05,290.97736562,224,495,8270.2994632,5315,5065,6152.6553676,0.13728697108912002,0.7533472386102589,1.0372367343128839
2018-03-15T23:49:17.43,1.66e-05,1.673e-05,1.66e-05,290.97736562,224,495,8270.2994632,5315,5065,6152.6553676,0.13728697108912002,0.37077907835858726,0.88882724093831
2018-03-15T23:49:48.983,1.66e-05,1.659e-05,1.654e-05,291.18584339,236,504,8270.0,5318,5079,6138.2654397,0.13728200000000002,0.35915980441352946,1.369107964081101
2018-03-15T23:50:19.983,1.7e-05,1.703e-05,1.701e-05,292.32260375,238,485,8245.0,5316,5083,6138.12840772,0.140165,1.6289882033142586,0.7136491713079813
2018-03-15T23:50:49.53,1.722e-05,1.702e-05,1.693e-05,293.69908809,239,491,8240.0,5317,5087,6137.70655332,0.1418928,0.7379596649059642,0.7743267856742359
2018-03-15T23:51:21.393,1.68e-05,1.726e-05,1.679e-05,294.01029488,246,497,8270.2994632,5315,5086,6137.72816355,0.13894103098176,0.8895450174631737,0.7316063493869939
2018-03-15T23:51:52.49,1.727e-05,1.739e-05,1.727e-05,294.17072898,248,501,8260.11111111,5319,5086,6137.92404884,0.1426521188888697,1.3368024978750208,0.814021949658374
2018-03-15T23:52:23.883,1.695e-05,1.695e-05,1.693e-05,294.6075441,231,504,8235.47224193,5313,5086,6135.20414965,0.1395912545007135,0.8448632798519957,0.5460413954851242
2018-03-15T23:52:54.35,1.671e-05,1.698e-05,1.693e-05,295.23261737,217,512,8270.2994632,5314,5083,6136.07472937,0.13819670403007203,0.6274881745607608,0.5810767726990397
2018-03-15T23:53:25.727,1.7e-05,1.703e-05,1.701e-05,295.30425299,209,514,8245.0,5311,5084,6132.90193606,0.140165,3.970719171430618,0.6003005073061292
2018-03-15T23:53:56.637,1.742e-05,1.799e-05,1.75e-05,296.557573,220,503,8269.0,5314,5084,6132.77790261,0.14404598,4.402375431875563,1.2419871199698875
2018-03-15T23:54:36.093,1.747e-05,1.76e-05,1.747e-05,296.84890539,219,504,8245.0,5317,5092,6132.20748892,0.14404015,4.091209152180382,1.3023079205227968
2018-03-15T23:55:08.393,1.744e-05,1.744e-05,1.721e-05,297.61789057,213,507,8235.47224193,5315,5095,6131.5484476,0.1436266358992592,1.7522067874859601,1.0238741640016955
2018-03-15T23:55:40.097,1.713e-05,1.713e-05,1.71e-05,297.43227851,224,512,8235.47224193,5314,5094,6131.2899213,0.14107363950426088,3.2971005963823883,1.2187980318774505
2018-03-15T23:56:11.003,1.71e-05,1.71e-05,1.701e-05,299.75528297,223,513,8235.0,5318,5097,6131.44619963,0.14081849999999999,1.1868609639480128,0.9992966943139624
2018-03-15T23:56:42.333,1.7e-05,1.74e-05,1.711e-05,299.86675906,223,525,8235.0,5320,5098,6133.11739058,0.139995,4.961310852684597,0.611899045731229
2018-03-15T23:57:13.353,1.738e-05,1.738e-05,1.723e-05,300.04839654,222,532,8235.0,5320,5097,6132.73911945,0.1431243,3.919948746019405,0.4746562427532051
2018-03-15T23:57:43.12,1.75e-05,1.75e-05,1.727e-05,300.9202666,217,526,8245.0,5320,5094,6133.86189393,0.14428749999999999,1.264631875430481,1.267485429004995
2018-03-15T23:58:14.217,1.75e-05,1.75e-05,1.749e-05,301.53054826,224,523,8240.0,5322,5098,6133.57696616,0.1442,3.6083817339219046,0.8513003310750152
2018-03-15T23:58:46.25,1.78e-05,1.761e-05,1.756e-05,302.58150371,225,515,8240.0,5322,5097,6131.72476034,0.146672,1.5535057040616607,1.209414134550525
2018-03-15T23:59:16.89,1.744e-05,1.75e-05,1.727e-05,303.4292776,222,522,8299.5,5322,5088,6143.78656385,0.14474328,1.9970262841199737,1.518498148927262
2018-03-15T23:59:48,1.789e-05,1.789e-05,1.762e-05,304.00069006,227,523,8292.86172782,5322,5090,6141.42532542,0.1483592963106998,3.3977542157861276,1.0802674799709544
2018-03-16T00:00:18.39,1.83e-05,1.847e-05,1.836e-05,305.28502507,233,507,8292.86172782,5322,5090,6141.42532542,0.151759369619106,1.2035840443304706,5.208766268876492
2018-03-16T00:00:57.66,1.702e-05,1.743e-05,1.723e-05,309.4924902,225,507,8270.0,5327,5083,6137.41433107,0.1407554,2.928179485118268,0.3914597815436482
2018-03-16T00:01:28.633,1.717e-05,1.709e-05,1.678e-05,312.27723385,217,516,8251.888645,5328,5081,6132.71470859,0.14168492803465002,2.2794242509556844,1.345307754441501
2018-03-16T00:01:59.79,1.691e-05,1.691e-05,1.68e-05,313.37188712,179,514,8297.0,5331,5080,6134.16372931,0.14030226999999998,1.983170678992843,1.2762332280016373
2018-03-16T00:02:29.793,1.677e-05,1.677e-05,1.672e-05,313.62617172,170,517,8297.0,5331,5080,6134.16372931,0.13914069,1.2196862716250525,1.0537496647025946
2018-03-16T00:03:01.183,1.689e-05,1.689e-05,1.687e-05,313.82477797,175,518,8283.7247144,5333,5083,6129.92244731,0.13991211042621599,1.2304902950856162,1.571934682628767
2018-03-16T00:03:32.34,1.7e-05,1.7e-05,1.694e-05,314.2415977,178,528,8241.41024604,5334,5085,6126.56162382,0.14010397418268,1.5364460221165648,1.9850548708119427
2018-03-16T00:04:01.34,1.694e-05,1.694e-05,1.687e-05,314.1661859,180,526,8241.41024604,5334,5085,6126.56162382,0.1396094895679176,0.9743034114207337,1.347362882674919
2018-03-16T00:04:34.12,1.689e-05,1.689e-05,1.687e-05,314.06192908,175,534,8297.15000001,5334,5084,6125.01080685,0.1401388635001689,1.2714683738949606,1.4206022352590943
2018-03-16T00:05:07.62,1.641e-05,1.628e-05,1.627e-05,314.39372419,155,544,8300.0,5332,5083,6123.95954533,0.136203,0.2560511596873801,1.714025685258727
2018-03-16T00:05:37.98,1.627e-05,1.626e-05,1.62e-05,316.21201311,143,544,8300.0,5329,5081,6125.8685238,0.135041,1.2067072736006812,1.578116521162157
2018-03-16T00:06:10.573,1.615e-05,1.615e-05,1.602e-05,316.53907997,136,553,8300.0,5329,5081,6125.8685238,0.134045,1.4581194434973412,1.4349679784675893
2018-03-16T00:06:41.433,1.615e-05,1.627e-05,1.616e-05,317.17451911,140,552,8297.0,5332,5086,6124.74670292,0.13399655,1.8132990453605269,2.006123350961577
2018-03-16T00:07:12.653,1.655e-05,1.662e-05,1.655e-05,317.64677265,148,553,8299.8352176,5330,5086,6122.28626633,0.13736227285128,1.0118955185033232,2.41873972777272
2018-03-16T00:07:42.81,1.627e-05,1.627e-05,1.618e-05,317.83806257,149,557,8265.83300003,5329,5089,6122.76416239,0.13448510291048807,0.9991296341567035,1.9059956669485139
2018-03-16T00:08:14.027,1.629e-05,1.629e-05,1.627e-05,317.88192335,151,562,8299.8352176,5330,5089,6123.01523563,0.13520431569470404,0.8324590661940944,2.074791413424353
2018-03-16T00:08:44.637,1.617e-05,1.629e-05,1.617e-05,317.97690274,151,566,8299.8352176,5333,5090,6118.22179968,0.134208335468592,1.8621463919973344,1.2668785436346988
2018-03-16T00:09:12.56,1.629e-05,1.629e-05,1.617e-05,318.01360454,154,568,8267.84000002,5330,5091,6118.12127965,0.1346831136003258,2.167700847458507,1.1951680297187157
2018-03-16T00:09:47.137,1.618e-05,1.629e-05,1.618e-05,318.33167956,151,568,8294.0,5330,5090,6118.45394856,0.13419692,0.4766593814151884,1.1816335773634354
2018-03-16T00:10:18.997,1.617e-05,1.617e-05,1.615e-05,318.49742398,151,569,8280.84000004,5327,5091,6113.26743791,0.13390118280064678,0.5656469045356254,1.0138455800231674
2018-03-16T00:10:49.34,1.617e-05,1.617e-05,1.615e-05,318.5055752,151,573,8299.5252176,5330,5088,6113.06347467,0.13420332276859198,1.320098629078413,1.1784790966023113
2018-03-16T00:11:18.887,1.593e-05,1.593e-05,1.586e-05,318.65076031,144,575,8299.6252176,5330,5087,6111.16803624,0.132213029716368,1.44763351649907,1.4658153412779036
2018-03-16T00:11:50.37,1.552e-05,1.583e-05,1.563e-05,319.53771593,138,578,8280.84000004,5327,5086,6112.26308695,0.1285186368006208,1.068370156675718,0.788750284214738
2018-03-16T00:12:21.263,1.553e-05,1.579e-05,1.558e-05,320.46893925,132,578,8280.84000004,5326,5085,6112.86996707,0.1286014452006212,0.2037236054168368,1.287586521986033
2018-03-16T00:12:52.95,1.553e-05,1.526e-05,1.525e-05,320.68931178,130,588,8280.84000004,5327,5087,6112.0899661,0.1286014452006212,0.21927715537459241,0.5102149310485302
2018-03-16T00:13:24.98,1.548e-05,1.552e-05,1.548e-05,320.84531963,135,593,8280.84000001,5326,5086,6110.76377848,0.1281874032001548,0.3814134813826764,0.158320595686544
2018-03-16T00:13:56.71,1.578e-05,1.584e-05,1.581e-05,320.93880053,146,595,8280.84000001,5326,5086,6110.76377848,0.1306716552001578,0.5835004236431479,1.1857882204399597
2018-03-16T00:14:26.933,1.581e-05,1.58e-05,1.579e-05,320.79356371,146,597,8267.84000004,5326,5089,6108.96724971,0.1307145504006324,0.5628123295965601,0.7649539436441896
2018-03-16T00:14:57.09,1.605e-05,1.605e-05,1.583e-05,320.78635149,152,592,8281.84000004,5328,5090,6109.96782345,0.132923532000642,0.8877243865611564,1.2040477935018548
2018-03-16T00:15:37.837,1.61e-05,1.61e-05,1.583e-05,321.512361,156,595,8267.94000004,5329,5091,6109.87720694,0.133113834000644,1.0669307497417597,1.165034922108194
2018-03-16T00:16:09.73,1.61e-05,1.609e-05,1.584e-05,321.512361,156,595,8267.94000005,5333,5090,6109.59837611,0.133113834000805,1.3022053081990566,1.277211853515389
2018-03-16T00:16:39.42,1.609e-05,1.609e-05,1.585e-05,321.52520793,160,605,8268.94000008,5332,5089,6107.90206442,0.1330472446012872,0.9908196678935047,1.04499841426772
2018-03-16T00:17:10.17,1.609e-05,1.6e-05,1.585e-05,320.90671847,158,605,8299.5,5331,5086,6106.90170116,0.13353895500000001,0.9949388901002619,1.683783617511901
2018-03-16T00:17:41.86,1.567e-05,1.598e-05,1.568e-05,321.28464151,148,609,8299.5,5331,5086,6106.90170116,0.130053165,0.786931351687499,1.88308867700168
2018-03-16T00:18:13.047,1.599e-05,1.59e-05,1.579e-05,321.31618275,152,609,8299.5,5336,5086,6105.47430272,0.13270900500000002,1.944254800044299,1.8632726891602056
2018-03-16T00:18:41.507,1.598e-05,1.599e-05,1.598e-05,321.71746775,156,610,8275.94000109,5334,5089,6105.47507165,0.1322495212174182,1.8945954817597195,1.6970498668709497
2018-03-16T00:19:13.723,1.598e-05,1.598e-05,1.579e-05,321.72885892,155,612,8269.1157725,5334,5091,6108.97896351,0.13214047004454998,1.4934214685847595,2.094946282186943
2018-03-16T00:19:44.92,1.598e-05,1.598e-05,1.579e-05,321.72885892,155,612,8268.94000005,5333,5091,6108.87121208,0.132137661200799,0.6241290007132908,1.9404497618746674
2018-03-16T00:20:16.327,1.571e-05,1.595e-05,1.571e-05,321.88145448,158,614,8268.94000006,5336,5093,6108.00281242,0.1299050474009426,1.4416143535069064,2.028131703349955
2018-03-16T00:20:47.703,1.572e-05,1.595e-05,1.573e-05,321.91248856,156,613,8268.94000005,5338,5094,6108.21664491,0.129987736800786,1.2282978454975402,2.455651910155322
2018-03-16T00:21:20.253,1.551e-05,1.579e-05,1.565e-05,322.27321987,149,614,8299.0,5339,5092,6107.3732714,0.12871749,1.5034905312341107,2.4321939613931116
2018-03-16T00:21:50.3,1.548e-05,1.548e-05,1.533e-05,322.38238771,141,621,8288.99999999,5338,5095,6106.85028721,0.1283137199998452,0.6196103496657099,1.6625644698864375
2018-03-16T00:22:20.05,1.548e-05,1.549e-05,1.533e-05,323.22416869,139,623,8268.94000005,5337,5096,6106.53254032,0.12800319120077402,0.33562722138561213,1.626218607917582
2018-03-16T00:22:52.77,1.549e-05,1.549e-05,1.533e-05,323.3871271,142,623,8268.94000005,5339,5095,6105.60754737,0.1280858806007745,1.2119670780607357,1.9812640418264256
2018-03-16T00:23:22.993,1.549e-05,1.549e-05,1.532e-05,323.53471277,147,626,8287.99999999,5333,5096,6104.69307438,0.12838111999984508,0.6146862915425971,2.0119826446826092
2018-03-16T00:23:54.95,1.549e-05,1.557e-05,1.549e-05,323.52325022,152,623,8299.8252176,5325,5088,6105.51225705,0.128564292620624,0.7626943558945305,1.7490285439096225
2018-03-16T00:24:25.293,1.549e-05,1.558e-05,1.551e-05,323.58780281,151,622,8268.94000005,5321,5090,6105.02445377,0.1280858806007745,0.548549676422963,2.0788868150025612
2018-03-16T00:24:54.827,1.551e-05,1.559e-05,1.551e-05,323.80475332,147,624,8268.94000005,5322,5089,6104.3699583,0.1282512594007755,0.611316116299038,2.0667307925167724
2018-03-16T00:25:24.41,1.559e-05,1.559e-05,1.551e-05,323.91924459,149,623,8268.94000005,5322,5089,6104.3699583,0.12891277460077952,0.5693200484227309,2.1855587084194026
2018-03-16T00:26:07.34,1.559e-05,1.559e-05,1.551e-05,323.91924459,149,623,8299.02521758,5326,5091,6099.69307792,0.1293818031420722,0.7235377987835089,1.1333681237952238
2018-03-16T00:26:36.86,1.559e-05,1.559e-05,1.553e-05,323.91924459,149,623,8299.22521759,5323,5085,6098.57864277,0.1293849211422281,0.6923996541453996,0.7447089688250852
2018-03-16T00:27:07.88,1.553e-05,1.553e-05,1.551e-05,323.71011957,153,630,8300.0,5323,5076,6109.29527845,0.12889899999999999,0.8552437110030084,0.7569230054770822
2018-03-16T00:27:33.177,1.551e-05,1.553e-05,1.551e-05,323.52397164,150,639,8310.84000005,5320,5061,6131.15715811,0.1289011284007755,0.818228160719689,1.076409662443745
2018-03-16T00:28:09.57,1.551e-05,1.551e-05,1.535e-05,323.44251508,154,642,8320.0,5330,5063,6128.22443816,0.1290432,0.7700331133197583,1.0172361082349588
2018-03-16T00:28:41.84,1.55e-05,1.55e-05,1.536e-05,323.63904246,151,644,8305.0,5326,5063,6124.73597784,0.1287275,1.1050461108261622,0.8377870652770766
2018-03-16T00:29:11.58,1.551e-05,1.552e-05,1.551e-05,323.53216901,153,646,8306.06083121,5330,5060,6122.46360944,0.12882700349206708,0.7207408259553957,0.723415902686128
2018-03-16T00:29:43.943,1.559e-05,1.56e-05,1.559e-05,323.86441683,153,645,8299.04704465,5325,5062,6118.27127506,0.12938214342609353,0.6922981695898701,0.8818045944000799
2018-03-16T00:30:15.68,1.563e-05,1.574e-05,1.563e-05,323.99511273,156,643,8299.04704465,5327,5058,6118.19150044,0.12971410530787952,0.620554368099669,1.1732471708500578
2018-03-16T00:30:48.133,1.551e-05,1.573e-05,1.552e-05,324.43616408,156,647,8300.0,5328,5063,6118.0982603,0.128733,0.7340113400137287,1.0718384869771078
2018-03-16T00:31:18.433,1.551e-05,1.574e-05,1.561e-05,324.43616408,156,647,8300.0,5330,5062,6116.43625705,0.128733,0.3890970430709302,0.9173015579622332
2018-03-16T00:31:48.627,1.577e-05,1.579e-05,1.561e-05,324.41756844,154,640,8299.02521758,5331,5063,6108.84064424,0.1308756276812366,0.4543538339439571,1.1311979883127845
2018-03-16T00:32:20.583,1.577e-05,1.579e-05,1.563e-05,324.41756844,154,640,8275.99,5328,5063,6102.99158561,0.1305123623,0.9248557197282906,1.0806376761674108
2018-03-16T00:32:50.473,1.589e-05,1.604e-05,1.589e-05,324.63713965,150,646,8276.99,5329,5066,6097.28281097,0.13152137109999998,2.1773746972717873,1.2733095512247308
2018-03-16T00:33:23.387,1.579e-05,1.604e-05,1.565e-05,325.08177965,151,641,8267.94000004,5326,5064,6104.59381813,0.1305507726006316,2.975737039452883,1.3166405289814
2018-03-16T00:33:56.39,1.62e-05,1.611e-05,1.61e-05,325.46550552,152,642,8267.94000004,5329,5067,6097.12919938,0.13394062800064802,3.765012807148132,1.7503966782813587
2018-03-16T00:34:29.36,1.605e-05,1.618e-05,1.605e-05,325.1606913,149,645,8299.0,5330,5064,6090.13220049,0.13319895,2.4135754890616683,1.3116617560006822
2018-03-16T00:34:53.097,1.618e-05,1.617e-05,1.606e-05,325.16388734,150,645,8299.0,5326,5067,6091.12062849,0.13427782000000002,2.436342318709873,1.3786107115062691
2018-03-16T00:35:31.81,1.61e-05,1.61e-05,1.606e-05,325.04443351,153,646,8287.724512,5329,5067,6089.96408924,0.1334323646432,1.6213008750967157,1.3421497032974683
2018-03-16T00:36:01.84,1.604e-05,1.61e-05,1.595e-05,327.66171547,146,640,8287.724512,5329,5067,6089.96408924,0.13293510117248,0.8682356156798635,1.179583094923302
2018-03-16T00:36:36.61,1.604e-05,1.6e-05,1.595e-05,327.66171547,146,640,8278.576539,5332,5065,6079.40293511,0.13278836768556,0.8452578310465193,6.6427588424794735
2018-03-16T00:37:09.55,1.579e-05,1.548e-05,1.546e-05,327.02852603,147,656,8278.576539,5331,5067,6074.68402811,0.13071872355081,1.2476039713515343,6.930874715314682
2018-03-16T00:37:39.47,1.55e-05,1.55e-05,1.549e-05,327.36382616,151,651,8278.576539,5328,5069,6071.64084478,0.1283179363545,0.3670694660860476,5.984181748330544
2018-03-16T00:38:11.94,1.55e-05,1.549e-05,1.548e-05,327.33657381,157,660,8278.576539,5330,5071,6069.62754,0.1283179363545,0.4135667886931661,6.650186567680856
2018-03-16T00:38:43.46,1.545e-05,1.548e-05,1.541e-05,327.35698812,160,656,8278.576539,5332,5073,6068.51406805,0.12790400752755,0.6583498561447654,6.443046003489366
2018-03-16T00:39:14.68,1.548e-05,1.534e-05,1.533e-05,327.31126062,161,661,8267.94000004,5332,5069,6065.72722632,0.12798771120061922,0.429573564421856,6.507339773298841
2018-03-16T00:39:45.777,1.535e-05,1.534e-05,1.533e-05,327.57340879,158,667,8255.99748001,5330,5069,6065.08007632,0.12672956131815352,0.4295726404219542,6.252577572584776
2018-03-16T00:40:15.9,1.533e-05,1.533e-05,1.526e-05,327.86622011,157,677,8231.8252176,5327,5073,6063.29288543,0.12619388058580802,0.27495491131307725,6.25296134460872
2018-03-16T00:40:47.157,1.526e-05,1.526e-05,1.514e-05,328.03111475,155,686,8200.0,5302,5073,6077.31961301,0.125132,0.6019654695100335,6.45236395797985
2018-03-16T00:41:16.393,1.535e-05,1.548e-05,1.536e-05,328.41446754,180,683,8143.0,5296,5071,6080.49923704,0.12499505000000001,0.7017285421284047,6.106729453957409
2018-03-16T00:41:49.1,1.548e-05,1.562e-05,1.548e-05,328.41265093,182,689,8133.74040885,5295,5076,6083.44351227,0.12591030152899801,1.2077609203290798,0.9257113928850674
2018-03-16T00:42:20.76,1.536e-05,1.548e-05,1.539e-05,328.52364438,181,693,8146.5,5301,5062,6082.7262171,0.12513023999999998,1.3547385846668114,0.9588769316325481
2018-03-16T00:42:49.903,1.536e-05,1.548e-05,1.539e-05,328.52364438,181,693,8143.4159785,5297,5060,6072.76873424,0.12508286942976,1.286747646430659,6.1228145860137575
2018-03-16T00:43:23.03,1.536e-05,1.559e-05,1.539e-05,328.52364438,181,693,8180.16970321,5296,5055,6070.47366978,0.12564740664130558,1.3007509082757553,6.516334205953076
2018-03-16T00:43:52.99,1.536e-05,1.558e-05,1.538e-05,328.6293635,181,692,8150.0,5303,5060,6068.56522067,0.125184,1.2698961255211683,0.7602153435099583
2018-03-16T00:44:24.6,1.536e-05,1.555e-05,1.536e-05,329.18653464,184,695,8150.0,5315,5055,6067.1680057,0.125184,0.7586064644944946,0.6353749543546156
2018-03-16T00:44:51.773,1.536e-05,1.556e-05,1.537e-05,328.97983534,187,694,8170.81,5325,5056,6062.25328355,0.1255036416,0.7141912420432472,0.7626466493807671
2018-03-16T00:45:26.883,1.536e-05,1.556e-05,1.538e-05,328.97983534,187,694,8170.81,5330,5057,6062.33710532,0.1255036416,0.7495886265510153,0.7626372732975493
2018-03-16T00:45:55.413,1.536e-05,1.556e-05,1.538e-05,328.97983534,187,694,8150.0,5332,5052,6060.69146777,0.125184,0.7916714024108971,0.7146519425212523
2018-03-16T00:46:25.133,1.526e-05,1.536e-05,1.526e-05,329.32634616,161,697,8131.8252177,5330,5054,6054.45822424,0.12409165282210201,0.40971985544677036,0.535958029716786
2018-03-16T00:47:08.73,1.526e-05,1.526e-05,1.52e-05,329.36273107,164,696,8131.8252176,5329,5058,6054.49929172,0.12409165282057599,0.40316296472657503,0.3661592989269476
2018-03-16T00:47:35.45,1.526e-05,1.526e-05,1.521e-05,329.50701668,164,697,8060.0,5228,5076,6088.73680878,0.1229956,0.4340361080765786,0.45733798727135544
2018-03-16T00:48:11.787,1.526e-05,1.504e-05,1.455e-05,329.90203552,155,702,8057.865,5231,5054,6092.1900397,0.1229630199,0.26127999402992574,0.27544128114997
2018-03-16T00:48:41.57,1.484e-05,1.47e-05,1.469e-05,330.36570362,152,712,8076.54,5233,5042,6094.0267773,0.1198558536,0.6584072274860271,0.8978529499420246
2018-03-16T00:49:10.87,1.47e-05,1.47e-05,1.469e-05,330.80878252,149,712,8097.6127232,5241,5049,6094.66952554,0.11903490703104,0.2766301678081551,0.9805746965884277
2018-03-16T00:49:44.637,1.469e-05,1.484e-05,1.469e-05,331.31988259,150,713,8076.54000003,5239,5078,6095.54930916,0.1186443726004407,0.5555395786333093,0.9685573231993703
2018-03-16T00:50:14.86,1.469e-05,1.468e-05,1.458e-05,331.37722202,150,715,8062.6183981,5238,5108,6092.6410235,0.118439864268089,0.6832257403287926,0.2070436121396565
2018-03-16T00:50:46.77,1.484e-05,1.488e-05,1.485e-05,331.48028167,157,714,8089.99999999,5241,5088,6093.11634958,0.1200555999998516,1.1635133442209669,0.7497421843484277
2018-03-16T00:51:18.54,1.488e-05,1.488e-05,1.485e-05,331.17770236,161,720,8080.0,5240,5090,6091.33556752,0.1202304,1.0460822033726187,0.290943501733068
2018-03-16T00:51:49.2,1.503e-05,1.503e-05,1.488e-05,332.46691073,163,714,8062.6183981,5241,5104,6091.60397881,0.12118115452344301,0.4985980571676171,0.8238042238415277
2018-03-16T00:52:19.513,1.503e-05,1.513e-05,1.503e-05,332.57249863,163,708,8076.5925528,5243,5097,6090.38983142,0.121391186068584,0.581532912338066,0.5337935143136695
2018-03-16T00:52:50.263,1.503e-05,1.498e-05,1.488e-05,332.57677788,162,717,8080.0,5242,5102,6088.79377634,0.1214424,0.6860775871231457,0.5640852839810225
2018-03-16T00:53:20.03,1.488e-05,1.488e-05,1.486e-05,332.32870209,161,719,8062.6183981,5249,5102,6083.69713375,0.11997176176372801,0.6755919524211143,0.3692312840673828
2018-03-16T00:53:52.703,1.513e-05,1.515e-05,1.513e-05,332.4121011,162,721,8075.0,5248,5100,6083.77112001,0.12217475000000001,0.601590386303944,0.7491428467175232
2018-03-16T00:54:24.13,1.521e-05,1.525e-05,1.521e-05,332.65505014,164,715,8079.93671622,5249,5106,6084.14733784,0.12289583745370619,0.46022660132508547,0.23762108473530857
2018-03-16T00:54:54.77,1.525e-05,1.545e-05,1.521e-05,332.68892619,163,716,8053.0,5251,5109,6086.22166219,0.12280825,0.6500438930254089,0.5601251308660569
2018-03-16T00:55:26.187,1.545e-05,1.543e-05,1.525e-05,332.76909625,163,711,8050.0,5249,5112,6084.74024957,0.1243725,0.6374994811543094,0.4513723799184589
2018-03-16T00:55:56.32,1.543e-05,1.543e-05,1.525e-05,332.80708598,167,717,8050.0,5254,5114,6059.49901702,0.1242115,0.8157752230499117,0.6833384606944887
2018-03-16T00:56:27.68,1.543e-05,1.546e-05,1.543e-05,332.93639175,170,715,8050.0,5253,5113,6059.1110135,0.1242115,1.1071518745340467,0.3234402681831032
2018-03-16T00:56:58.483,1.543e-05,1.545e-05,1.543e-05,333.44116458,167,715,8050.0,5260,5108,6057.96314087,0.1242115,0.9858338172019449,0.1967050300799233
2018-03-16T00:57:38.697,1.543e-05,1.543e-05,1.526e-05,333.40950015,165,713,8075.0,5261,5108,6055.35785464,0.12459724999999999,1.1561136164536112,0.6384917336315967
2018-03-16T00:58:08.357,1.543e-05,1.545e-05,1.543e-05,333.04567146,167,712,8060.0,5264,5111,6054.30982829,0.1243658,1.2750610343323636,0.4320643704603399
2018-03-16T00:58:37.14,1.545e-05,1.545e-05,1.543e-05,333.18096736,167,712,8051.0,5264,5115,6053.33862483,0.12438795,1.2356053308075068,0.35390796185514684
2018-03-16T00:59:12.063,1.543e-05,1.545e-05,1.543e-05,332.14567774,163,709,8060.0,5266,5113,6052.11227894,0.1243658,1.0058767985885086,0.3630787769918023
2018-03-16T00:59:43.27,1.545e-05,1.548e-05,1.546e-05,332.02039879,163,707,8057.62824125,5261,5113,6051.61481159,0.1244903563273125,0.9712185440278898,0.3334012857810893
2018-03-16T01:00:09.41,1.545e-05,1.548e-05,1.546e-05,332.02039879,163,707,8059.38026495,5261,5115,6051.11985015,0.1245174250934775,0.9679701415278953,0.2535907237088619
2018-03-16T01:00:43.89,1.545e-05,1.548e-05,1.546e-05,332.02039879,163,707,8057.62824125,5260,5117,6046.32429055,0.1244903563273125,1.1252556066150268,0.2537421187488609
2018-03-16T01:01:17.89,1.545e-05,1.563e-05,1.55e-05,332.08126739,160,709,8075.0,5265,5113,6044.16409096,0.12475875,1.1921587775037399,0.5630834877630783
2018-03-16T01:01:48.753,1.55e-05,1.563e-05,1.551e-05,332.11203091,160,707,8099.53592998,5268,5115,6041.42908058,0.12554280691469,1.243267863698626,0.27503571351277906
2018-03-16T01:02:17.287,1.566e-05,1.572e-05,1.566e-05,332.00325766,162,707,8099.53592998,5266,5114,6040.95924865,0.1268387326634868,1.1148233189306858,0.35240547138289874
2018-03-16T01:02:49.63,1.589e-05,1.595e-05,1.589e-05,332.11057328,159,702,8073.6563481,5264,5115,6041.09358872,0.12829039937130898,1.048451926155845,0.8004323719409647
2018-03-16T01:03:20.1,1.566e-05,1.566e-05,1.563e-05,332.51693782,159,715,8052.0,5266,5115,6043.6070503,0.12609431999999998,0.9615647761703355,1.273386634665529
2018-03-16T01:03:50.913,1.563e-05,1.562e-05,1.548e-05,332.51787562,157,724,8050.0,5264,5119,6050.41692506,0.1258215,0.9604221793130766,1.3810116218721977
2018-03-16T01:04:21.557,1.563e-05,1.56e-05,1.548e-05,332.51787562,157,724,8044.0,5258,5121,6057.58345205,0.12572772000000002,1.14424034641251,1.2121656034579844
2018-03-16T01:04:51.293,1.548e-05,1.548e-05,1.537e-05,332.38762643,160,723,8045.0,5259,5120,6052.52396748,0.12453660000000001,1.1142950011948678,0.680919173355028
2018-03-16T01:05:23.877,1.537e-05,1.548e-05,1.537e-05,332.33822856,161,722,8045.0,5259,5123,6044.6411236,0.12365165,0.9358860512099244,1.0334351751239645
2018-03-16T01:05:56.74,1.537e-05,1.537e-05,1.533e-05,332.40153733,159,725,8043.5978,5258,5121,6039.29394076,0.123630098186,0.9912233341542235,1.3606072708984869
2018-03-16T01:06:27.117,1.525e-05,1.526e-05,1.525e-05,332.52323007,159,726,8043.5978,5259,5121,6034.0174487,0.12266486644999999,0.9044072574135096,1.2441863302938732
2018-03-16T01:06:59.463,1.525e-05,1.537e-05,1.525e-05,332.32603841,161,725,8021.20720003,5270,5070,6019.79554723,0.1223234098004575,0.855586289305503,1.2070507909056576
2018-03-16T01:07:27.2,1.525e-05,1.537e-05,1.525e-05,332.32603841,161,725,8047.3629552,5272,5062,6020.24147302,0.1227222850668,1.189680927036056,1.2070507909056576
2018-03-16T01:08:13.793,1.536e-05,1.536e-05,1.518e-05,332.44422028,160,733,8069.0,5270,5114,6017.41102825,0.12393984,0.7910086540501593,1.6101332073098757
2018-03-16T01:08:46.42,1.534e-05,1.534e-05,1.518e-05,332.47182564,164,735,8070.0,5272,5121,6010.5350214,0.1237938,0.8192672750759159,1.51975728567024
2018-03-16T01:09:17.25,1.502e-05,1.518e-05,1.506e-05,332.33143847,163,738,8053.12734,5278,5121,6008.85801185,0.1209579726468,1.274306198488514,1.5557232017024407
2018-03-16T01:09:48.44,1.506e-05,1.506e-05,1.504e-05,332.47307755,159,740,8067.78492454,5282,5122,6008.81374215,0.1215008409635724,0.8601424733978597,1.1376308381639637
2018-03-16T01:10:18.567,1.505e-05,1.518e-05,1.506e-05,332.5721999,160,734,8060.0,5278,5122,6008.38218716,0.121303,1.3209332253947166,1.492447303627017
2018-03-16T01:10:49.19,1.536e-05,1.536e-05,1.519e-05,332.83488058,162,735,8060.0,5277,5124,6009.4728959,0.12380159999999998,0.9278719295034261,1.1166573705534308
2018-03-16T01:11:19.807,1.536e-05,1.536e-05,1.519e-05,332.84201631,163,736,8060.0,5279,5125,6007.3987853,0.12380159999999998,1.4012788746434692,1.3674283063358539
2018-03-16T01:11:53.153,1.536e-05,1.536e-05,1.518e-05,332.84201631,163,736,8089.40399342,5276,5119,6007.93657759,0.12425324533893119,1.4605309699087172,1.3229350315404615
2018-03-16T01:12:23.797,1.536e-05,1.536e-05,1.518e-05,332.73752241,165,734,8077.0,5281,5122,6007.03505495,0.12406271999999999,1.4515583535045742,1.313413678908273
2018-03-16T01:12:52.877,1.536e-05,1.53e-05,1.518e-05,332.75640344,164,734,8077.0,5284,5126,6006.49463271,0.12406271999999999,1.4261122178685541,1.2785919700851598
2018-03-16T01:13:23.173,1.53e-05,1.536e-05,1.518e-05,332.7736683,163,733,8077.0,5284,5126,6006.49463271,0.1235781,1.4261122178685541,1.2147982521356244
2018-03-16T01:13:56.52,1.53e-05,1.53e-05,1.518e-05,332.7736683,163,733,8070.0000001,5287,5130,6003.34820455,0.12347100000153,0.7768394536707888,1.1976852769213346
2018-03-16T01:14:28.167,1.53e-05,1.53e-05,1.518e-05,332.76377189,163,739,8089.40399342,5289,5130,6003.33739975,0.12376788109932599,0.43763719720862515,1.2240624518230143
2018-03-16T01:14:56.657,1.53e-05,1.529e-05,1.518e-05,332.76377189,163,739,8089.40399342,5293,5130,6001.09538742,0.12376788109932599,1.0047291772583566,1.4543563128843446
2018-03-16T01:15:27.503,1.529e-05,1.53e-05,1.529e-05,332.9078,164,739,8085.98373135,5290,5132,6001.26947301,0.12363469125234151,0.6835842687096516,1.2673537695009598
2018-03-16T01:15:54.963,1.529e-05,1.53e-05,1.529e-05,332.9078,164,739,8089.40399342,5296,5130,5996.60906602,0.12368698705939181,0.7254681290587572,1.2673537695009598
2018-03-16T01:16:31.057,1.529e-05,1.53e-05,1.529e-05,332.74211014,166,739,8070.0000001,5299,5133,5995.6696351,0.12339030000152901,0.5836710321612837,1.2673537695009598
2018-03-16T01:16:54.09,1.53e-05,1.53e-05,1.529e-05,332.77047043,165,740,8089.40399342,5303,5134,5997.38215861,0.12376788109932599,0.620964237896991,1.2389934740260107
2018-03-16T01:17:32.75,1.53e-05,1.53e-05,1.529e-05,332.77047043,165,740,8089.40399342,5303,5141,6001.40523894,0.12376788109932599,0.620964237896991,1.2389934740260107
2018-03-16T01:17:50.283,1.53e-05,1.53e-05,1.529e-05,332.77047043,165,740,8084.48279284,5292,5138,6013.56158722,0.123692586730452,0.620964237896991,1.2389934740260107
2018-03-16T01:18:27.14,1.53e-05,1.53e-05,1.529e-05,332.77047043,165,740,8070.00000008,5297,5141,6012.89907683,0.12347100000122399,0.620964237896991,1.2840726038505133
2018-03-16T01:18:49.003,1.53e-05,1.537e-05,1.531e-05,332.68652357,166,746,8020.99000012,5293,5146,6013.75561721,0.12272114700183599,0.5865142311418281,1.3104895821745204
2018-03-16T01:19:35.53,1.537e-05,1.537e-05,1.531e-05,332.69849357,166,745,8050.0,5293,5144,6013.76755847,0.1237285,0.537763309306495,1.298519582174487
2018-03-16T01:20:05.953,1.537e-05,1.537e-05,1.531e-05,332.69849357,166,745,8050.0,5294,5144,6013.39278562,0.1237285,0.5367633093065355,1.229724052246875
2018-03-16T01:20:40.907,1.537e-05,1.537e-05,1.531e-05,332.69849357,166,745,8025.19879611,5292,5147,6017.34725521,0.1233473054962107,0.5368011230884592,1.2101440324472272
2018-03-16T01:21:04.193,1.537e-05,1.537e-05,1.53e-05,332.67937203,166,746,8026.9900001,5294,5139,6014.65468013,0.12337483630153699,0.5958835899432466,1.185661856040055
2018-03-16T01:21:44.527,1.53e-05,1.53e-05,1.529e-05,332.6984716,165,748,8026.99000011,5298,5139,6014.74563858,0.122812947001683,0.6088721197889909,1.153786263795497
2018-03-16T01:22:12.093,1.529e-05,1.529e-05,1.518e-05,332.82617352,163,750,8026.9900001,5297,5139,6016.91083502,0.122732677101529,0.4710900873213348,1.1600655314452923
2018-03-16T01:22:41.813,1.529e-05,1.529e-05,1.518e-05,332.96268353,161,751,8007.5,5281,5139,6020.12633819,0.122434675,0.4710900873213348,1.5528118109534266
2018-03-16T01:22:57.39,1.529e-05,1.529e-05,1.518e-05,332.96268353,161,751,8000.0,5256,5141,6027.62171964,0.12232000000000001,0.4710900873213348,1.4684350065951326
2018-03-16T01:23:49.303,1.529e-05,1.529e-05,1.503e-05,333.05107376,159,756,8000.77777777,5258,5138,6044.2730227,0.1223318922221033,0.5375330227623819,1.397628734603913
2018-03-16T01:24:20.26,1.529e-05,1.53e-05,1.529e-05,333.16075779,162,754,8048.49557498,5265,5136,6040.57109876,0.12306149734144421,0.710710310851397,1.4081355960319688
2018-03-16T01:24:52.49,1.529e-05,1.53e-05,1.529e-05,333.16075779,162,754,8005.3693744,5264,5136,6039.82684709,0.12240209773457601,0.32536030566253504,1.4542949785736587
2018-03-16T01:25:22.16,1.529e-05,1.529e-05,1.512e-05,333.22537741,165,756,8005.3693749,5267,5139,6039.38983466,0.12240209774222101,0.34916925285942035,1.6642414542885655
2018-03-16T01:25:57.633,1.529e-05,1.529e-05,1.512e-05,333.54167251,168,756,8005.3693744,5265,5139,6038.09600138,0.12240209773457601,0.5863260576040107,1.4086904051126568
2018-03-16T01:26:24.96,1.512e-05,1.512e-05,1.503e-05,333.5533182,169,754,8005.3693744,5265,5139,6038.09600138,0.121041184940928,0.2273392933781942,1.610494936254101
2018-03-16T01:27:00.4,1.5e-05,1.503e-05,1.502e-05,333.59953916,161,755,8000.0,5261,5146,6039.2851373,0.12000000000000001,0.4512567252743161,1.5455777830936586
2018-03-16T01:27:29.983,1.502e-05,1.502e-05,1.494e-05,333.51057778,158,760,8001.9900001,5260,5137,6039.76752947,0.120189889801502,0.4947471857563246,1.5448655044260113
2018-03-16T01:28:02.08,1.494e-05,1.494e-05,1.488e-05,333.58481211,159,761,8001.99000011,5267,5137,6041.66652101,0.1195497306016434,0.4303909193330124,1.463066026054243
2018-03-16T01:28:33.02,1.488e-05,1.488e-05,1.475e-05,333.59162392,159,756,8001.99000011,5267,5137,6041.66652101,0.11906961120163681,0.3973829247030279,1.4591308026550207
2018-03-16T01:29:10.043,1.473e-05,1.488e-05,1.474e-05,333.70586604,159,758,8038.89999998,5272,5144,6039.33855839,0.1184129969997054,1.1952488559058292,1.1405735883181378
2018-03-16T01:29:36.81,1.488e-05,1.488e-05,1.475e-05,333.82962268,164,756,8038.89999998,5272,5144,6039.33855839,0.1196188319997024,0.88951745037258,1.1350799031862906
2018-03-16T01:30:10.25,1.488e-05,1.5e-05,1.488e-05,333.90496897,164,759,8030.869496,5282,5142,6036.62989986,0.11949933810048,0.39700377255501684,1.0940675768026027
2018-03-16T01:30:40.373,1.474e-05,1.486e-05,1.476e-05,334.24399683,160,759,8013.85728143,5285,5138,6032.92038225,0.1181242563282782,0.9773658537566787,1.2756350769795366
2018-03-16T01:31:13.093,1.451e-05,1.451e-05,1.45e-05,334.27128524,145,760,8013.85728143,5281,5136,6031.73379073,0.1162810691535493,0.6316147586028263,0.38044138114926607
2018-03-16T01:31:42.52,1.451e-05,1.451e-05,1.45e-05,334.36181921,147,761,8030.869496,5282,5139,6027.7972341,0.11652791638696,0.3126904826828345,0.17096120697270498
2018-03-16T01:32:16.57,1.439e-05,1.458e-05,1.447e-05,334.67954558,150,762,8015.0,5285,5137,6024.16939203,0.11533584999999999,1.0103366666838187,0.1324639566436841
2018-03-16T01:32:42.84,1.458e-05,1.473e-05,1.448e-05,334.68426617,151,763,8015.0,5283,5138,6014.72502937,0.1168587,0.3819512858989097,0.08344839098819999
2018-03-16T01:33:14.013,1.473e-05,1.474e-05,1.473e-05,334.66354744,157,769,8015.0,5281,5141,6014.64723724,0.11806095,0.5312426074457951,0.1363505853560696
2018-03-16T01:33:50.11,1.48e-05,1.48e-05,1.475e-05,334.72273035,152,769,8015.0,5281,5141,6014.64723724,0.118622,0.42484198642025406,0.1560351645942251
2018-03-16T01:34:21.097,1.473e-05,1.473e-05,1.459e-05,334.7475406,155,772,8020.869496,5282,5142,6012.94721002,0.11814740767608,0.6122517748044266,0.8166575891070834
2018-03-16T01:34:52.243,1.473e-05,1.473e-05,1.459e-05,334.7475406,155,772,8020.869496,5286,5143,6008.41674383,0.11814740767608,0.6504577578254528,0.7507470505300584
2018-03-16T01:35:22.67,1.472e-05,1.43e-05,1.425e-05,334.787032,161,764,8020.869496,5286,5143,6008.65364508,0.11806719898112,0.5373212155064805,0.6076194709626096
2018-03-16T01:35:54.313,1.433e-05,1.458e-05,1.433e-05,336.04967928,152,765,8039.89999999,5284,5140,6009.51867866,0.11521176699985669,1.019112202169738,0.6247965932349078
2018-03-16T01:36:25.477,1.435e-05,1.458e-05,1.436e-05,336.19869348,158,772,8030.869496,5285,5142,6010.78680375,0.11524297726760001,1.0299792438011162,0.6306717340561157
2018-03-16T01:36:54.773,1.458e-05,1.46e-05,1.458e-05,336.38553519,163,769,8030.869496,5280,5143,6013.48300733,0.11709007725168,0.6784097119468978,0.7370776472522849
2018-03-16T01:37:26.967,1.458e-05,1.458e-05,1.445e-05,336.15954167,165,776,8039.89999999,5289,5143,6013.37216988,0.11722174199985419,0.5980502522750709,0.6925904296573162
2018-03-16T01:37:58.313,1.473e-05,1.488e-05,1.473e-05,336.27725915,162,772,8039.25184393,5286,5145,6013.4132624,0.1184181796610889,0.34861594094250536,0.7260582065521541
2018-03-16T01:38:29.143,1.488e-05,1.49e-05,1.488e-05,336.27815195,163,772,8030.869496,5279,5145,6015.32111961,0.11949933810048,0.2799137476711412,0.7435619299070313
2018-03-16T05:17:00.217,1.587e-05,1.579e-05,1.571e-05,332.19348872,233,970,8160.0,5444,5106,5348.25896154,0.12949919999999998,0.7783862882671442,1.20889344796879
2018-03-16T05:17:29.877,1.587e-05,1.58e-05,1.571e-05,332.19348872,233,970,8160.0,5444,5107,5349.43110937,0.12949919999999998,0.7783862882671442,1.0765007441775813
2018-03-16T05:17:57.597,1.587e-05,1.58e-05,1.571e-05,332.19348872,233,970,8160.0,5440,5110,5345.87904787,0.12949919999999998,0.7783862882671442,1.3540806979293583
2018-03-16T05:18:33.667,1.587e-05,1.58e-05,1.571e-05,332.19348872,233,970,8160.0,5441,5111,5345.54524612,0.12949919999999998,0.7783862882671442,1.35233006701007
2018-03-16T05:19:01.683,1.587e-05,1.58e-05,1.571e-05,332.19348872,233,970,8160.0,5446,5111,5342.72113432,0.12949919999999998,0.7783862882671442,1.1097822827767303
2018-03-16T05:19:35.217,1.579e-05,1.579e-05,1.571e-05,331.94045448,235,981,8160.0,5452,5111,5342.74328228,0.1288464,0.9424749166960709,0.9747856962008483
2018-03-16T05:20:04.657,1.586e-05,1.587e-05,1.571e-05,332.09375516,235,978,8160.0,5451,5111,5345.10855352,0.1294176,0.8420549128751593,0.9004104086153512
2018-03-16T05:20:36.72,1.59e-05,1.59e-05,1.571e-05,332.57170022,234,966,8151.66400001,5453,5108,5356.27729919,0.129611457600159,1.146147924486412,1.2538224087047114
2018-03-16T05:21:08.177,1.59e-05,1.59e-05,1.571e-05,332.57170022,234,966,8180.0,5452,5109,5356.39441006,0.130062,1.203223849132691,1.2701831270955248
2018-03-16T05:21:36.43,1.59e-05,1.59e-05,1.571e-05,332.57170022,234,966,8185.0,5452,5104,5357.63079878,0.1301415,0.9117387897534918,1.2701831270955248
2018-03-16T05:22:10.153,1.59e-05,1.59e-05,1.571e-05,332.57170022,234,966,8200.0,5450,5099,5358.30569638,0.13038,0.9207228964306892,1.2701831270955248
2018-03-16T05:22:39.61,1.59e-05,1.59e-05,1.571e-05,332.57170022,234,966,8200.0,5451,5098,5360.81071957,0.13038,0.7884196302148203,1.4413251943672778
2018-03-16T05:23:11.127,1.59e-05,1.59e-05,1.572e-05,331.55014085,234,971,8200.0,5450,5097,5362.96828619,0.13038,0.9820995854345691,1.225496710165126
2018-03-16T05:23:42.66,1.594e-05,1.595e-05,1.594e-05,331.62325876,233,968,8178.69853002,5455,5101,5365.14377135,0.1303684545685188,1.0879919915835126,1.1631483216962908
2018-03-16T05:24:09.38,1.594e-05,1.595e-05,1.594e-05,331.62325876,233,968,8178.69853001,5453,5103,5366.13574798,0.13036845456835938,1.0958660540322527,1.1467876033054774
2018-03-16T05:24:45.89,1.578e-05,1.578e-05,1.571e-05,331.74283057,231,971,8198.0,5455,5102,5365.7494458,0.12936444000000002,1.2879984056443938,1.1801341851081795
2018-03-16T05:25:13.47,1.565e-05,1.578e-05,1.566e-05,331.37105783,232,972,8194.999,5456,5108,5368.40989304,0.12825173435,1.0485532849265566,1.1143275249555717
2018-03-16T05:25:47.57,1.566e-05,1.578e-05,1.566e-05,330.32661138,234,975,8182.68269538,5455,5110,5368.90720106,0.1281408110096508,1.228649135898393,1.3731596249046298
2018-03-16T05:26:18.243,1.566e-05,1.578e-05,1.568e-05,330.32661138,234,975,8192.999,5458,5106,5370.07486399,0.12830236434,1.053118425968315,1.2474306612581705
2018-03-16T05:26:42.777,1.566e-05,1.578e-05,1.566e-05,327.47894143,235,977,8198.0,5459,5108,5370.00693631,0.12838068,1.194706319304864,0.8988877537717195
2018-03-16T05:27:28.92,1.578e-05,1.58e-05,1.578e-05,322.61665285,235,977,8210.0,5461,5098,5373.06597835,0.12955380000000002,0.8680371634506044,0.7704558552835562
2018-03-16T05:28:01.047,1.578e-05,1.578e-05,1.575e-05,320.85464435,233,977,8187.19110001,5461,5102,5385.92476471,0.1291938755581578,0.9938437941252974,1.0521725522979903
2018-03-16T05:28:31.67,1.575e-05,1.575e-05,1.563e-05,319.80306176,231,977,8222.594,5465,5096,5389.46059766,0.1295058555,0.7630893715602663,1.1838520998766844
2018-03-16T05:29:03.813,1.563e-05,1.563e-05,1.555e-05,317.7622031,225,979,8230.869496,5470,5101,5389.70020761,0.12864849022248,0.7593003039208632,0.9919448431252309
2018-03-16T05:29:42.583,1.548e-05,1.547e-05,1.527e-05,316.62902263,225,979,8234.64559999,5470,5095,5388.12273542,0.12747231388784522,1.8182158663833916,0.6231095617141675
2018-03-16T05:30:13.54,1.528e-05,1.547e-05,1.538e-05,316.34821883,228,980,8234.64559999,5473,5095,5392.31064827,0.12582538476784721,0.5527530863476813,0.3779077623953513
2018-03-16T05:30:45.467,1.529e-05,1.547e-05,1.529e-05,316.39394317,227,980,8234.64559999,5473,5096,5390.02469195,0.12590773122384713,0.6876672650159672,0.5886018127449056
2018-03-16T05:31:17.047,1.529e-05,1.547e-05,1.526e-05,316.39394317,227,980,8234.64559999,5476,5097,5388.39385172,0.12590773122384713,1.0193169997353506,1.0277973663203337
2018-03-16T05:31:46.89,1.53e-05,1.547e-05,1.53e-05,316.13954212,224,979,8234.65,5477,5094,5387.31681062,0.125990145,1.6055282116814222,0.553509613431455
2018-03-16T05:32:19.693,1.595e-05,1.593e-05,1.548e-05,316.88313337,233,973,8234.65,5476,5095,5386.40275414,0.1313426675,1.3387215824985512,1.9612132994114322
2018-03-16T05:32:51.423,1.548e-05,1.562e-05,1.559e-05,316.54280075,240,977,8234.64559999,5475,5094,5387.18489537,0.12747231388784522,0.35604348306907263,1.2836498756799835
2018-03-16T05:33:22.08,1.563e-05,1.579e-05,1.563e-05,315.84193479,235,977,8234.64559999,5478,5094,5389.32692361,0.12870751072784373,0.7265363003291228,1.231257849349927
2018-03-16T05:33:52.987,1.563e-05,1.579e-05,1.563e-05,315.67979153,231,979,8240.0,5472,5092,5390.40582654,0.12879120000000002,0.7495440101553468,1.3874790272669446
2018-03-16T05:34:24.723,1.563e-05,1.563e-05,1.562e-05,315.44746311,234,980,8243.92781,5474,5092,5388.16250309,0.1288525916703,0.783232273964867,1.433341021647566
2018-03-16T05:34:55.147,1.58e-05,1.585e-05,1.58e-05,314.55172483,235,978,8251.664,5475,5082,5394.67232179,0.13037629120000002,1.311871124013425,1.6353596350522595
2018-03-16T05:35:26.21,1.548e-05,1.58e-05,1.563e-05,314.67301518,235,981,8251.664,5476,5082,5394.1605574,0.12773575872,0.7328201327583388,1.2920273365352377
2018-03-16T05:35:57.93,1.548e-05,1.578e-05,1.555e-05,314.67562544,231,980,8280.0,5473,5051,5414.72733596,0.1281744,1.1387602110080377,1.2285813964738361
2018-03-16T05:36:29.367,1.541e-05,1.541e-05,1.534e-05,314.70353614,230,982,8249.00000001,5464,5067,5420.89392565,0.12711709000015411,1.9050149231092741,1.3034975452314892
2018-03-16T05:36:58.59,1.52e-05,1.541e-05,1.533e-05,315.35188654,229,982,8248.99999999,5463,5071,5421.18630621,0.125384799999848,1.5352331101224672,0.8065086797045271
2018-03-16T05:38:00.143,1.533e-05,1.541e-05,1.533e-05,314.27394049,233,984,8250.0,5474,5071,5435.83704012,0.12647250000000002,1.2973519042185147,1.3592788573657766
2018-03-16T05:38:30.097,1.533e-05,1.541e-05,1.533e-05,314.27394049,233,984,8250.0,5481,5068,5445.16162406,0.12647250000000002,1.2973519042185147,1.365310303995473
2018-03-16T05:38:59.787,1.533e-05,1.532e-05,1.518e-05,314.02738022,234,987,8250.0,5481,5068,5441.95149286,0.12647250000000002,1.2085102772538852,1.25153561121735
2018-03-16T05:39:33.56,1.532e-05,1.532e-05,1.518e-05,313.82560488,232,986,8201.28200001,5480,5071,5442.7814025,0.1256436402401532,1.1642256418556565,1.2448482794648583
2018-03-16T05:40:03.017,1.532e-05,1.531e-05,1.518e-05,313.71688022,235,986,8250.0,5479,5072,5442.6950085,0.12639,0.9461401837493792,0.5612598567235152
2018-03-16T05:40:36.063,1.513e-05,1.53e-05,1.517e-05,313.63310224,236,988,8230.0,5483,5072,5458.15787421,0.1245199,1.1514069766796409,0.9222624664693939
2018-03-16T05:41:07.473,1.51e-05,1.517e-05,1.515e-05,313.81047466,233,985,8230.0,5477,5072,5465.65690482,0.124273,1.3466308394363746,0.7032083383451497
2018-03-16T05:41:38.16,1.51e-05,1.53e-05,1.511e-05,313.70744531,236,987,8230.0,5479,5070,5466.69655835,0.124273,1.4739835759739792,0.9202098596290493
2018-03-16T05:42:08.853,1.51e-05,1.529e-05,1.513e-05,313.8027671,236,987,8235.0,5484,5073,5461.81515115,0.1243485,1.197603188574257,0.9757874541860613
2018-03-16T05:42:41.573,1.51e-05,1.51e-05,1.509e-05,313.75438826,233,988,8230.0,5483,5070,5462.09335438,0.124273,1.7531163839347477,0.4000356493466721
2018-03-16T05:43:14.09,1.51e-05,1.51e-05,1.509e-05,313.72299575,236,992,8230.0,5486,5069,5461.91283598,0.124273,1.7972776285689644,0.44042962232312444
2018-03-16T05:43:43.157,1.51e-05,1.529e-05,1.51e-05,313.33309981,242,991,8230.0,5486,5069,5461.91283598,0.124273,1.805996255951507,0.44948952905841233
2018-03-16T05:44:15.897,1.51e-05,1.541e-05,1.533e-05,313.33697802,241,990,8235.0,5489,5067,5458.08033547,0.1243485,1.6107036253811085,0.8642367158695352
2018-03-16T05:44:45.353,1.533e-05,1.541e-05,1.533e-05,313.33789782,243,991,8235.0,5489,5069,5459.30544374,0.12624255,1.1466716397350085,0.8365522084375697
2018-03-16T05:45:17,1.541e-05,1.541e-05,1.533e-05,313.35066063,240,992,8235.0,5490,5070,5461.30544374,0.12690135,0.5546038008110541,0.6658425766089611
2018-03-16T05:45:48.29,1.548e-05,1.549e-05,1.548e-05,313.36801063,242,990,8249.0,5489,5073,5460.22174638,0.12769452,0.5580981411644269,1.0456330452508773
2018-03-16T05:46:18.837,1.548e-05,1.546e-05,1.533e-05,313.36976453,241,992,8250.0,5490,5077,5445.16042431,0.12771000000000002,1.0776751673056264,0.8063491004709266
2018-03-16T05:46:50.933,1.548e-05,1.543e-05,1.533e-05,313.36976453,241,992,8250.0,5488,5077,5448.81024158,0.12771000000000002,1.0776751673056424,0.7589077138879503
2018-03-16T05:47:21.25,1.548e-05,1.543e-05,1.533e-05,313.36976453,241,992,8250.0,5490,5071,5478.92513425,0.12771000000000002,0.5927553380841689,0.34993711925751136
2018-03-16T05:47:53.173,1.533e-05,1.545e-05,1.542e-05,313.38610432,242,996,8187.20110009,5485,5082,5482.64623331,0.12550979286437972,0.3944338992932076,0.6624151332218403
2018-03-16T05:48:30.563,1.542e-05,1.545e-05,1.542e-05,313.42749404,244,994,8225.0,5490,5084,5478.25803364,0.1268295,0.4132967455540973,0.2808022448761112
2018-03-16T05:49:00.887,1.542e-05,1.545e-05,1.542e-05,313.50989424,247,992,8235.0,5489,5080,5497.76935922,0.1269837,0.34805653915895607,0.2808022448761112
2018-03-16T05:49:31.01,1.542e-05,1.545e-05,1.542e-05,313.50989424,247,992,8235.0,5490,5087,5509.51837904,0.1269837,0.3420565391588969,0.5172076655001518
2018-03-16T05:50:03.573,1.542e-05,1.545e-05,1.542e-05,313.50989424,247,992,8235.0,5490,5079,5517.07323433,0.1269837,0.6685120811575375,0.5172076655001518
2018-03-16T05:50:35.573,1.542e-05,1.545e-05,1.542e-05,313.50989424,247,992,8235.0,5491,5075,5512.44574673,0.1269837,0.517878883298369,0.5192177157514076
2018-03-16T05:51:00.12,1.548e-05,1.545e-05,1.542e-05,313.17700882,249,994,8235.0,5491,5074,5517.05479587,0.1274778,0.51334484838561,0.5472942448526145
2018-03-16T05:51:35.33,1.548e-05,1.548e-05,1.545e-05,313.17700882,249,994,8235.0,5496,5075,5523.49476511,0.1274778,0.4638877461413764,0.5082664677502297
2018-03-16T05:51:54.377,1.548e-05,1.548e-05,1.545e-05,313.17700882,249,994,8235.0,5495,5075,5520.57763931,0.1274778,0.4638877461413764,0.5082664677502297
2018-03-16T05:52:34.13,1.548e-05,1.548e-05,1.545e-05,312.98186503,249,997,8235.0,5496,5073,5516.30007539,0.1274778,0.4821713540327276,0.44354193907222933
2018-03-16T05:52:58.21,1.548e-05,1.548e-05,1.545e-05,312.98186503,249,997,8234.99999999,5483,5071,5566.35095527,0.12747779999984518,0.4821713540327276,0.4433159750824507
2018-03-16T05:53:31.27,1.548e-05,1.548e-05,1.545e-05,312.98186503,249,997,8234.99999999,5484,5073,5583.16316787,0.12747779999984518,0.4821713540327276,0.44120761404155245
2018-03-16T05:54:10.853,1.548e-05,1.548e-05,1.545e-05,312.98186503,249,997,8234.99999999,5486,5076,5588.36502268,0.12747779999984518,0.4821713540327276,0.44331205573033405
2018-03-16T05:54:37.277,1.548e-05,1.548e-05,1.545e-05,312.98186503,249,997,8220.0,5492,5082,5586.50381138,0.12724560000000001,0.4835710757579837,0.4414335780313311
2018-03-16T05:55:08.48,1.548e-05,1.548e-05,1.545e-05,312.98186503,249,997,8220.0,5495,5084,5587.69149209,0.12724560000000001,0.4835710757579837,0.4433159750824507
2018-03-16T05:55:42.8,1.548e-05,1.548e-05,1.534e-05,312.93530889,247,998,8220.0,5491,5085,5589.48510696,0.12724560000000001,0.7162655002014082,0.4262451140415813
2018-03-16T05:56:08.347,1.534e-05,1.534e-05,1.533e-05,313.08870889,246,999,8220.0,5495,5088,5594.18179039,0.12609479999999998,1.1154884176554583,0.6483301454369371
2018-03-16T05:56:45.07,1.533e-05,1.533e-05,1.518e-05,313.10478101,244,1002,8200.0,5491,5087,5600.77905526,0.125706,1.3186174988655406,0.7850771650350863
2018-03-16T05:57:11.587,1.533e-05,1.532e-05,1.518e-05,313.10478101,244,1002,8200.0,5492,5090,5607.38221321,0.125706,1.3175639242919421,1.0801933565027348
2018-03-16T05:57:46.01,1.533e-05,1.533e-05,1.518e-05,313.10478101,244,1002,8200.0,5492,5088,5606.30367455,0.125706,1.9351445971754382,0.6193026576517916
2018-03-16T05:58:22.84,1.514e-05,1.533e-05,1.513e-05,312.73272157,245,1001,8200.0,5494,5086,5607.11888945,0.12414800000000001,2.3572336060972603,0.6235471349177426
2018-03-16T05:59:00.67,1.514e-05,1.533e-05,1.513e-05,312.73272157,245,1001,8200.0,5498,5094,5625.22169025,0.12414800000000001,2.3722736060972602,0.8520206692433945
2018-03-16T05:59:26.953,1.514e-05,1.514e-05,1.513e-05,312.36436496,245,1002,8220.0,5500,5084,5641.0540445,0.1244508,2.339157765698259,0.43462556564187943
2018-03-16T06:00:03.317,1.514e-05,1.533e-05,1.513e-05,312.30713748,245,1001,8221.82683,5503,5085,5649.60084893,0.1244784582062,2.364042470591259,0.3619063427509323
2018-03-16T06:00:33.583,1.513e-05,1.533e-05,1.513e-05,312.39743271,245,1000,8221.82683,5498,5086,5650.19289597,0.12439623993790001,2.273747230605754,0.8921415300307938
2018-03-16T06:01:05.677,1.513e-05,1.533e-05,1.514e-05,312.59084948,245,1000,8221.82683,5506,5085,5656.16731166,0.12439623993790001,2.024908972387718,0.696473501593163
2018-03-16T06:01:37.13,1.513e-05,1.53e-05,1.514e-05,312.59084948,245,1000,8226.85499999,5507,5086,5656.0439055,0.12447231614984872,1.6912779137879277,0.6385450421386252
2018-03-16T06:02:08.467,1.513e-05,1.53e-05,1.514e-05,312.59084948,245,1000,8221.82683,5506,5086,5655.35342986,0.12439623993790001,1.8962139847295738,0.40271686517760297
2018-03-16T06:02:41.447,1.513e-05,1.53e-05,1.514e-05,312.59084948,245,1000,8221.82683,5504,5084,5648.42159534,0.12439623993790001,1.9004121853676454,0.6385450421386252
2018-03-16T06:03:05.027,1.513e-05,1.53e-05,1.514e-05,312.59084948,245,1000,8221.82683,5504,5084,5648.42159534,0.12439623993790001,1.9004121853676454,0.6385450421386252
2018-03-16T06:03:40.973,1.514e-05,1.53e-05,1.515e-05,310.71927452,261,1005,8210.0,5497,5087,5645.21026687,0.1242994,1.795445634669067,0.6385450421386252
2018-03-16T06:04:14.647,1.514e-05,1.533e-05,1.515e-05,310.71927452,261,1005,8210.0,5495,5083,5645.1964825,0.1242994,1.795445634669067,0.6282848530447992
2018-03-16T06:04:44.71,1.515e-05,1.52e-05,1.515e-05,310.67799602,262,1007,8210.0,5496,5087,5645.2610329,0.1243815,1.6431575830890173,0.6384559702952772
2018-03-16T06:05:12.353,1.514e-05,1.52e-05,1.514e-05,310.76893687,259,1005,8210.0,5498,5088,5645.47711965,0.1242994,1.7174894733970472,0.741867256352984
2018-03-16T06:05:47.543,1.514e-05,1.533e-05,1.517e-05,310.76893687,259,1005,8210.0,5499,5088,5645.37561637,0.1242994,1.5139904370920356,0.790842090547464
2018-03-16T06:06:14.14,1.514e-05,1.533e-05,1.514e-05,310.75213705,264,1008,8210.0,5500,5086,5636.02298081,0.1242994,1.8693421669523977,1.0266702675084862
2018-03-16T06:06:49.58,1.514e-05,1.514e-05,1.513e-05,310.76161157,262,1009,8210.0,5501,5087,5637.15274823,0.1242994,1.832703026738815,0.48020628123241405
2018-03-16T06:07:20.033,1.512e-05,1.512e-05,1.504e-05,311.25144376,243,1011,8210.0,5504,5089,5636.23045269,0.12413519999999999,1.7809475845165499,0.9024747687009448
2018-03-16T06:07:51.643,1.512e-05,1.513e-05,1.504e-05,311.25360911,243,1010,8210.0,5505,5089,5635.18722857,0.12413519999999999,1.8074005171847805,0.32587928907001773
2018-03-16T06:08:18.393,1.512e-05,1.513e-05,1.507e-05,311.25360911,243,1010,8210.0,5505,5090,5616.42297998,0.12413519999999999,1.925687256644001,1.006500143740167
2018-03-16T06:08:52.757,1.512e-05,1.513e-05,1.507e-05,311.25360911,243,1010,8210.0,5505,5087,5605.05934725,0.12413519999999999,1.9728317196850862,0.8095016651245817
2018-03-16T06:09:29.477,1.512e-05,1.512e-05,1.508e-05,311.25360911,243,1010,8210.0,5507,5088,5589.51144231,0.12413519999999999,2.4066573378440372,0.6228069536614291
2018-03-16T06:09:56.79,1.512e-05,1.533e-05,1.511e-05,311.25360911,243,1010,8210.0,5505,5087,5587.39348275,0.12413519999999999,2.446438268302676,0.8052635033895482
2018-03-16T06:10:28.62,1.512e-05,1.512e-05,1.508e-05,311.25360911,243,1010,8200.0,5502,5086,5586.14872931,0.123984,2.296413191817286,0.6248373960693748
2018-03-16T06:11:00.937,1.512e-05,1.533e-05,1.512e-05,310.70149443,247,1010,8200.0,5505,5089,5586.48816983,0.123984,2.4182245687804724,0.5526525789011677
2018-03-16T06:11:35.473,1.512e-05,1.533e-05,1.512e-05,310.70149443,247,1010,8200.0,5501,5091,5574.15716721,0.123984,2.2912478075567777,0.7898779686310091
2018-03-16T06:12:02.237,1.512e-05,1.533e-05,1.512e-05,310.70149443,247,1010,8210.0,5498,5089,5573.49015787,0.12413519999999999,2.5983068599258368,0.8003651054725532
2018-03-16T06:12:37.533,1.512e-05,1.533e-05,1.512e-05,310.30123639,250,1012,8210.0,5500,5085,5573.11018379,0.12413519999999999,2.7195001701967034,1.0362749549557317
2018-03-16T06:13:09.46,1.512e-05,1.533e-05,1.513e-05,310.30123639,250,1012,8223.46667877,5502,5086,5571.53101666,0.12433881618300241,2.6816717088872997,1.0057632516191675
2018-03-16T06:13:33.93,1.512e-05,1.517e-05,1.513e-05,310.30123639,250,1012,8223.46667877,5502,5086,5571.53101666,0.12433881618300241,2.101260337307811,0.966640664860134
2018-03-16T06:14:11.2,1.513e-05,1.533e-05,1.513e-05,310.38502057,250,1012,8222.0,5509,5088,5565.6095459,0.12439886,2.1800551201273795,1.0134957277142902
2018-03-16T06:14:41.8,1.513e-05,1.533e-05,1.514e-05,310.38502057,250,1012,8210.00000001,5510,5088,5552.38425392,0.12421730000015131,1.96046648159957,1.0361203357056352
2018-03-16T06:15:12.417,1.513e-05,1.533e-05,1.513e-05,310.55010457,250,1015,8222.0,5511,5087,5549.85388751,0.12439886,2.053304186470226,0.8098833560612615
2018-03-16T06:15:44.307,1.514e-05,1.533e-05,1.515e-05,310.55101857,249,1016,8222.0,5511,5087,5549.85388751,0.12448108000000001,2.0523333282857905,0.8098833560612615
2018-03-16T06:16:15.293,1.514e-05,1.532e-05,1.514e-05,310.56086429,250,1019,8210.0,5514,5090,5526.33228859,0.1242994,2.0016661538613647,0.32776976329658936
2018-03-16T06:16:43.357,1.514e-05,1.533e-05,1.514e-05,310.63745095,250,1019,8210.0,5514,5088,5526.43132826,0.1242994,1.9250794840101026,1.0340898932976894
2018-03-16T06:17:16.157,1.514e-05,1.533e-05,1.514e-05,310.63745095,250,1019,8209.9179,5513,5090,5531.65433118,0.12429815700600001,1.7871143537107796,0.8031493541387942
2018-03-16T06:17:49.08,1.514e-05,1.533e-05,1.514e-05,310.63745095,250,1019,8209.179,5515,5094,5529.7420981,0.12428697006,1.9154876401982115,0.7999998812638213
2018-03-16T06:18:18.863,1.51e-05,1.533e-05,1.511e-05,310.9883566,237,1008,8209.179,5515,5094,5529.7420981,0.12395860289999999,1.826723610701867,0.999711687928159
2018-03-16T06:18:51.27,1.51e-05,1.533e-05,1.511e-05,310.9883566,237,1008,8203.0,5516,5096,5528.81003092,0.1238653,1.8489169891681174,0.799652929524556
2018-03-16T06:19:23.537,1.51e-05,1.515e-05,1.511e-05,310.9883566,237,1008,8210.0,5517,5093,5525.84838687,0.123971,1.9618493133165582,0.8391422063584224
2018-03-16T06:19:58.01,1.51e-05,1.51e-05,1.509e-05,309.8250256,235,1013,8201.79,5511,5092,5525.65473133,0.12384702900000001,1.9172309509706866,0.41292117837458836
2018-03-16T06:20:32.603,1.503e-05,1.51e-05,1.503e-05,310.12320029,234,1014,8209.0,5515,5090,5522.7638625,0.12338127,1.9172309509706866,0.6206058865218523
2018-03-16T06:21:03.463,1.503e-05,1.51e-05,1.503e-05,310.12320029,234,1014,8210.0,5521,5092,5526.45500462,0.1233963,1.4557981862472458,0.6180945710597959
2018-03-16T06:21:31.34,1.503e-05,1.51e-05,1.503e-05,309.61091518,236,1017,8222.0,5521,5091,5526.28652891,0.12357666,1.480957922299432,0.6180945710597959
2018-03-16T06:22:04.7,1.503e-05,1.515e-05,1.504e-05,309.61091518,236,1017,8210.0,5522,5090,5526.53429513,0.1233963,1.6598136237001482,0.46327413621651253
2018-03-16T06:22:33.873,1.503e-05,1.515e-05,1.504e-05,309.61091518,236,1017,8212.0,5523,5094,5525.92582966,0.12342636,1.6598032375754583,0.6345374113915317
2018-03-16T06:23:09.153,1.503e-05,1.515e-05,1.504e-05,309.61091518,236,1017,8210.0,5523,5093,5533.35998358,0.1233963,1.4416779353422704,0.6340067594780547
2018-03-16T06:23:39.5,1.503e-05,1.515e-05,1.505e-05,309.61091518,236,1017,8210.0,5525,5094,5530.78688332,0.1233963,1.4609775131475777,0.32307238378415587
2018-03-16T06:24:10.437,1.5e-05,1.514e-05,1.5e-05,309.8403436,231,1018,8210.0,5526,5096,5523.14861722,0.12315000000000001,0.9621424375436747,0.6437332884540534
2018-03-16T06:24:41.88,1.5e-05,1.514e-05,1.501e-05,310.10349198,232,1020,8210.0,5526,5097,5522.48682284,0.12315000000000001,0.9236161099328736,0.4315618377537289
2018-03-16T06:25:12.587,1.5e-05,1.513e-05,1.501e-05,310.10349198,232,1020,8210.0,5527,5098,5521.81181335,0.12315000000000001,0.9236161099328736,0.1928699497036994
2018-03-16T06:25:40.203,1.501e-05,1.513e-05,1.501e-05,309.97817579,232,1022,8210.0,5524,5097,5522.26376972,0.1232321,0.9209309818150069,0.40126038062805564
2018-03-16T06:26:14,1.513e-05,1.514e-05,1.501e-05,309.66278374,232,1015,8211.0,5523,5095,5522.60949197,0.12423243,0.9359409818150068,0.8721883032946711
2018-03-16T06:26:42.363,1.513e-05,1.514e-05,1.501e-05,309.66278374,232,1015,8211.0,5528,5097,5516.11810494,0.12423243,0.9359409818150068,0.6639524916204116
2018-03-16T06:27:09.49,1.513e-05,1.515e-05,1.501e-05,309.66278374,232,1015,8211.0,5528,5098,5509.77799242,0.12423243,0.9359409818150068,0.725876032673764
2018-03-16T06:27:47.23,1.513e-05,1.515e-05,1.511e-05,309.66278374,232,1015,8211.0,5527,5094,5509.67595096,0.12423243,1.201598592299634,0.9024790922697552
2018-03-16T06:28:17.167,1.515e-05,1.515e-05,1.511e-05,308.89050198,234,1022,8200.0,5526,5094,5512.14752307,0.12423000000000001,1.201598592299634,0.6938490033726797
2018-03-16T06:28:49.81,1.515e-05,1.515e-05,1.513e-05,308.89050198,234,1022,8190.83356,5525,5092,5510.50908781,0.12409112843400001,1.0809322956288145,0.6393464850626474
2018-03-16T06:29:14.343,1.515e-05,1.514e-05,1.513e-05,308.89050198,234,1022,8185.37,5523,5092,5510.43188399,0.1240083555,1.0950864028607359,0.8554253577802702
2018-03-16T06:29:51,1.515e-05,1.515e-05,1.513e-05,308.83865541,234,1024,8185.37,5523,5092,5510.43188399,0.1240083555,1.0341374452548369,0.9105555805730114
2018-03-16T06:30:23.41,1.515e-05,1.514e-05,1.513e-05,308.83865541,234,1024,8185.3699999,5520,5092,5507.82005298,0.124008355498485,1.0341374452548369,0.6057841030294765
2018-03-16T06:30:56.943,1.514e-05,1.514e-05,1.513e-05,308.83355814,234,1022,8199.99999,5524,5089,5506.10566003,0.1241479998486,1.2647342466791076,0.5357747257307885
2018-03-16T06:31:34.6,1.515e-05,1.517e-05,1.515e-05,309.06253658,236,1019,8199.99999,5525,5090,5504.4855352,0.12422999984850001,1.2647342466791076,0.6301280623735871
2018-03-16T06:32:06.257,1.517e-05,1.518e-05,1.517e-05,309.1573958,237,1022,8199.0,5527,5091,5504.38730553,0.12437883000000001,1.4366967554606775,0.5354770372305954
2018-03-16T06:32:34.867,1.518e-05,1.548e-05,1.519e-05,309.15322983,235,1020,8200.0,5526,5086,5503.48247924,0.124476,1.4576318482287143,0.7785619631038625
2018-03-16T06:33:07.413,1.547e-05,1.544e-05,1.521e-05,309.11204257,239,1023,8200.0,5526,5086,5503.48247924,0.126854,1.6524117004618657,0.7039756335589857
2018-03-16T06:33:39.117,1.547e-05,1.545e-05,1.522e-05,309.05697539,239,1022,8200.0,5525,5083,5497.51677631,0.126854,1.3431378962536793,0.8715402031505779
2018-03-16T06:34:09.96,1.526e-05,1.548e-05,1.527e-05,308.84764183,241,1025,8200.0,5526,5084,5492.68229215,0.125132,0.9637812204726205,0.7255568166878824
2018-03-16T06:34:39.383,1.526e-05,1.53e-05,1.528e-05,308.84764183,241,1025,8200.0,5525,5085,5492.08507179,0.125132,1.154705218554106,0.6055424989215806
2018-03-16T06:35:08.48,1.53e-05,1.546e-05,1.535e-05,308.47532405,239,1029,8205.0,5529,5084,5493.08091589,0.1255365,1.2824895548911683,0.5465392452492535
2018-03-16T06:35:42.853,1.53e-05,1.53e-05,1.525e-05,308.54249223,235,1031,8205.0,5525,5085,5484.26982589,0.1255365,1.343059978569808,1.0024787054173823
2018-03-16T06:36:05.713,1.53e-05,1.53e-05,1.525e-05,308.20176141,235,1031,8200.0,5525,5087,5473.23138464,0.12546,1.3254982524166838,0.9445579852982899
2018-03-16T06:36:38.293,1.53e-05,1.528e-05,1.518e-05,308.37583901,234,1032,8200.01,5527,5082,5463.36840879,0.125460153,1.3254982524166838,0.9548949934570276
2018-03-16T06:37:06.563,1.53e-05,1.525e-05,1.518e-05,308.37583901,234,1032,8245.71315,5524,5070,5462.15918357,0.126159411195,1.3254982524166838,0.9239022217048515
2018-03-16T06:37:33.88,1.525e-05,1.528e-05,1.525e-05,308.37635751,235,1034,8280.0,5532,5057,5461.40296248,0.12627,1.280683693033638,0.9074664167603571
2018-03-16T06:38:10.477,1.518e-05,1.527e-05,1.518e-05,308.38648978,234,1033,8279.99999999,5534,5056,5461.14322479,0.12569039999984818,1.319058518795816,0.923466338203945
2018-03-16T06:38:47.48,1.527e-05,1.53e-05,1.527e-05,308.2368805,234,1031,8279.99999999,5533,5054,5453.96907719,0.1264355999998473,1.39077598850653,0.9324047530459385
2018-03-16T06:39:11.793,1.527e-05,1.529e-05,1.527e-05,308.24578481,234,1031,8279.99999999,5530,5054,5456.48817592,0.1264355999998473,1.364638657133084,0.8705135600302727
2018-03-16T06:39:50.44,1.527e-05,1.527e-05,1.518e-05,308.34323024,234,1029,8239.0,5531,5058,5452.12472864,0.12580953,1.310926375721816,0.7837215936857891
2018-03-16T06:40:17.583,1.527e-05,1.527e-05,1.52e-05,308.34323024,234,1029,8271.16966885,5534,5059,5449.7743281,0.1263007608433395,1.374641062783474,0.8456127867014549
2018-03-16T06:41:00.557,1.527e-05,1.527e-05,1.52e-05,308.34323024,234,1029,8240.0,5535,5062,5446.54104161,0.12582480000000001,1.3832059612598804,0.7423897742326382
2018-03-16T06:41:34.883,1.527e-05,1.527e-05,1.52e-05,308.2403786,238,1024,8245.0,5529,5063,5437.42652171,0.12590115000000002,1.3973143407796427,0.6614448739888583
2018-03-16T06:42:01.01,1.527e-05,1.543e-05,1.527e-05,308.2508398,240,1030,8231.95161212,5527,5064,5437.69736159,0.1257019011170724,1.3725596492125676,0.6175364816864921
2018-03-16T06:42:38.493,1.527e-05,1.529e-05,1.527e-05,308.04296116,241,1028,8217.67107357,5532,5062,5435.64386126,0.12548383729341392,1.3788307110695799,0.7837245552672808
2018-03-16T06:43:09.13,1.527e-05,1.542e-05,1.527e-05,308.14732919,240,1033,8217.37107356,5531,5065,5429.54215275,0.1254792562932612,1.218621942433933,0.8451534419224433
2018-03-16T06:43:35.473,1.527e-05,1.542e-05,1.527e-05,308.09449572,242,1037,8217.37107356,5531,5065,5429.54215275,0.1254792562932612,1.2218921575944688,0.8451534419224433
2018-03-16T06:43:51.883,1.527e-05,1.542e-05,1.527e-05,308.09449572,242,1037,8217.67107357,5535,5064,5427.48836382,0.12548383729341392,1.175539711843773,0.8451534419224433
2018-03-16T06:44:35.5,1.527e-05,1.541e-05,1.527e-05,307.79470099,242,1033,8217.37107356,5531,5065,5420.97179504,0.1254792562932612,1.2436445046874478,1.1604892950263737
2018-03-16T06:45:13.41,1.527e-05,1.543e-05,1.527e-05,307.79470099,242,1033,8210.0,5536,5066,5407.55432985,0.1253667,1.3306282235643165,1.0244568996440158
2018-03-16T06:45:45.96,1.543e-05,1.543e-05,1.527e-05,307.41759222,245,1036,8218.49284068,5536,5067,5398.89171794,0.1268113445316924,1.3455282235643167,1.022579008721611
2018-03-16T06:46:14.617,1.543e-05,1.545e-05,1.527e-05,307.41759222,245,1036,8218.49284068,5536,5067,5398.89171794,0.1268113445316924,1.357168824063124,0.4639155113296068
2018-03-16T06:46:38.68,1.543e-05,1.539e-05,1.529e-05,307.41759222,245,1036,8225.88874464,5539,5075,5376.95420713,0.1269254633297952,1.350996970195294,0.6991718648007343
2018-03-16T06:47:13.94,1.527e-05,1.539e-05,1.527e-05,307.11881941,244,1042,8222.0,5542,5073,5376.78751499,0.12554994,1.2053736288975847,0.7938666176426101
2018-03-16T06:47:49.597,1.527e-05,1.539e-05,1.528e-05,307.11881941,244,1042,8225.88874464,5543,5069,5375.24548648,0.12560932113065282,1.4042897658501423,0.8254568316831921
2018-03-16T06:48:16.07,1.527e-05,1.539e-05,1.529e-05,307.11881941,244,1042,8217.57107357,5542,5069,5374.36093723,0.1254823102934139,1.259309743755933,0.5972758225248078
2018-03-16T06:48:47.403,1.528e-05,1.539e-05,1.528e-05,306.19881906,243,1045,8212.0,5542,5070,5373.26486785,0.12547935999999998,1.1037844401380075,0.9437611745926003
2018-03-16T06:49:22.09,1.539e-05,1.539e-05,1.528e-05,306.19484745,243,1044,8199.0,5537,5074,5375.98890891,0.12618261,1.1037844401380075,0.9741520334853274
2018-03-16T06:49:50.517,1.539e-05,1.538e-05,1.528e-05,306.19484745,243,1044,8192.71896033,5539,5077,5375.76160913,0.12608594479947868,1.1037844401380075,0.7088152419695389
2018-03-16T06:50:18.69,1.539e-05,1.538e-05,1.528e-05,306.19484745,243,1044,8170.0,5536,5069,5370.66629896,0.1257363,1.1302373777938635,0.7088152419695389
2018-03-16T06:51:29.673,1.538e-05,1.539e-05,1.538e-05,306.11120382,245,1030,8200.0,5534,5072,5367.18912921,0.12611599999999998,1.2923271832153589,0.964601506234166
2018-03-16T06:52:01.833,1.538e-05,1.538e-05,1.528e-05,306.274482,244,1033,8171.0,5538,5071,5361.70905301,0.12566998,1.1302373777938635,0.7692378037817281
2018-03-16T06:52:33.963,1.538e-05,1.544e-05,1.528e-05,306.274482,244,1033,8171.0,5538,5071,5361.70905301,0.12566998,1.1302373777938635,0.8610746564566192
2018-03-16T06:52:53.713,1.538e-05,1.544e-05,1.528e-05,306.274482,244,1033,8171.0,5541,5075,5360.62483156,0.12566998,1.1302373777938635,1.0892556656150032
2018-03-16T06:53:35.39,1.527e-05,1.544e-05,1.528e-05,306.21438553,243,1035,8170.0,5536,5076,5360.75779585,0.1247559,1.1534780649126946,1.0892556656150032
2018-03-16T06:54:05.207,1.527e-05,1.544e-05,1.527e-05,306.21438553,243,1035,8171.0,5533,5080,5362.39583716,0.12477117000000001,1.2068923580036093,1.0892556656150032
2018-03-16T06:54:24.237,1.527e-05,1.543e-05,1.527e-05,305.91056886,243,1035,8151.664,5532,5082,5356.93930779,0.12447590928,1.113328442655101,1.088639257134332
2018-03-16T06:55:09.247,1.527e-05,1.543e-05,1.527e-05,305.70891561,242,1033,8151.66400002,5535,5077,5352.58062385,0.1244759092803054,1.1146691566020963,1.7989165553320503
2018-03-16T06:55:39.843,1.542e-05,1.54e-05,1.527e-05,305.45680589,243,1035,8171.0,5534,5076,5353.15641496,0.12599682,1.0909798353427549,1.7292247034569985
2018-03-16T06:56:10.643,1.542e-05,1.54e-05,1.527e-05,305.45680589,243,1035,8171.0,5536,5078,5352.91321621,0.12599682,1.0909798353427549,1.690272598227974
2018-03-16T06:56:36.63,1.542e-05,1.54e-05,1.527e-05,305.45680589,243,1035,8187.67572,5534,5077,5351.47737714,0.12625395960240002,1.0909798353427549,1.690272598227974
2018-03-16T06:57:12.74,1.518e-05,1.518e-05,1.517e-05,305.23380311,235,1037,8171.0,5538,5078,5350.41850135,0.12403578,1.1966587799372823,1.6420820998383385
2018-03-16T06:57:44.037,1.517e-05,1.533e-05,1.519e-05,304.85771765,236,1039,8187.67571999,5537,5075,5340.35404492,0.1242070406722483,1.0592404191142595,1.7462618284687925
2018-03-16T06:58:14.64,1.519e-05,1.519e-05,1.518e-05,304.9049172,237,1037,8185.0,5538,5076,5340.20593889,0.12433015,1.1449167564841207,1.7226157200175385
2018-03-16T06:58:42.46,1.519e-05,1.519e-05,1.518e-05,304.9049172,237,1037,8185.0,5538,5076,5340.20593889,0.12433015,1.1095999850087543,1.6942372375952621
2018-03-16T06:59:15.917,1.518e-05,1.519e-05,1.518e-05,304.51163627,238,1038,8185.0,5538,5076,5340.20593889,0.1242483,1.2392426359172326,1.9688870705024673
2018-03-16T06:59:47.68,1.519e-05,1.533e-05,1.519e-05,303.94619108,237,1038,8185.0,5546,5076,5333.50432307,0.12433015,1.1742555393756313,1.9961409998362556
2018-03-16T07:00:18.323,1.519e-05,1.533e-05,1.519e-05,303.94619108,237,1038,8184.0,5546,5079,5331.76465296,0.12431496,1.4890573975390118,2.0100923062651526
2018-03-16T07:00:49.78,1.519e-05,1.53e-05,1.519e-05,303.94619108,237,1038,8185.0,5547,5080,5330.91831286,0.12433015,1.4878249879928154,2.0856958129502607
2018-03-16T07:01:20.643,1.519e-05,1.53e-05,1.519e-05,303.94619108,237,1038,8184.918359,5550,5086,5329.03164306,0.12432890987321,1.4878249879928154,1.930810635625331
2018-03-16T07:01:59.287,1.53e-05,1.53e-05,1.519e-05,302.58326666,237,1042,8184.91835901,5551,5090,5312.33634554,0.125229250892853,1.4815723723541445,2.084895812950404
2018-03-16T07:02:32.147,1.53e-05,1.53e-05,1.519e-05,302.58326666,237,1042,8184.91835901,5553,5087,5308.25135672,0.125229250892853,1.4815723723541445,1.8217102416978534
2018-03-16T07:02:55.067,1.519e-05,1.53e-05,1.519e-05,302.42927153,237,1043,8180.247414,5552,5087,5307.66563462,0.12425795821866001,1.4404493686512039,1.7233963414144953
2018-03-16T07:03:29.337,1.519e-05,1.519e-05,1.518e-05,302.27717411,236,1044,8180.247414,5553,5090,5307.92242256,0.12425795821866001,1.4369471346513347,1.7233963414144953
2018-03-16T07:04:06.433,1.518e-05,1.53e-05,1.518e-05,302.18401625,235,1043,8180.247414,5552,5088,5306.49092543,0.12417615574452001,1.4245831010662044,1.9692007587507214
2018-03-16T07:04:33.417,1.518e-05,1.53e-05,1.518e-05,302.18401625,235,1043,8180.790779,5551,5088,5306.97711332,0.12418440402522,1.4749412326860016,2.0957981226846534
2018-03-16T07:05:08.843,1.518e-05,1.53e-05,1.518e-05,302.18401625,235,1043,8185.0,5553,5091,5300.9062379,0.1242483,1.4245831010662044,1.9409130883964585
2018-03-16T07:05:39.11,1.518e-05,1.53e-05,1.518e-05,301.86186856,236,1044,8180.0,5550,5097,5289.63992422,0.1241724,1.4646843202040867,1.6301542722047337
2018-03-16T07:06:03.157,1.518e-05,1.53e-05,1.518e-05,301.86186856,236,1044,8180.0,5551,5099,5283.89897048,0.1241724,1.4143261885842895,1.6301542722047337
2018-03-16T07:06:03.157,1.518e-05,1.53e-05,1.518e-05,301.86186856,236,1044,8185.0,5553,5096,5277.98053628,0.1242483,1.4143261885842895,1.6301542722047337
2018-03-16T07:07:14.16,1.53e-05,1.533e-05,1.53e-05,301.70060473,237,1044,8180.0,5554,5096,5277.96021082,0.125154,1.5380007993772264,1.6842330946437918
2018-03-16T07:07:40.253,1.53e-05,1.533e-05,1.53e-05,301.70060473,237,1044,8184.99999998,5555,5097,5278.03511736,0.125230499999694,1.5380007993772264,1.6842330946437918
2018-03-16T07:08:19.133,1.53e-05,1.533e-05,1.53e-05,301.31166644,239,1044,8195.0,5552,5092,5278.59759826,0.12538349999999998,1.4903969334468363,1.588838680955834
2018-03-16T07:08:48.667,1.518e-05,1.53e-05,1.518e-05,300.9601421,238,1046,8182.0,5554,5089,5276.07959,0.12420276000000001,1.453264425104952,1.7307024047612216
2018-03-16T07:09:20.343,1.518e-05,1.53e-05,1.518e-05,300.9601421,238,1046,8182.0,5554,5089,5276.07959,0.12420276000000001,1.453264425104952,1.6457284947673878
2018-03-16T07:09:55.737,1.518e-05,1.53e-05,1.518e-05,300.9601421,238,1046,8211.81,5556,5086,5265.67349901,0.12465527579999999,1.453264425104952,1.6457284947673878
2018-03-16T07:10:23.163,1.518e-05,1.53e-05,1.518e-05,300.9601421,238,1046,8211.81,5556,5089,5265.18781827,0.12465527579999999,1.453264425104952,1.6457284947673878
2018-03-16T07:11:00.37,1.518e-05,1.53e-05,1.518e-05,300.57674181,238,1047,8203.0,5555,5086,5261.89422566,0.12452154,1.417934067171002,1.6457284947673878
2018-03-16T07:11:29.497,1.518e-05,1.53e-05,1.518e-05,300.57674181,238,1047,8211.81,5555,5087,5259.45756388,0.12465527579999999,1.417934067171002,1.6457284947673878
2018-03-16T07:12:31.873,1.518e-05,1.53e-05,1.518e-05,300.64474206,237,1046,8215.0,5558,5085,5247.84204451,0.1247037,1.2699939796008965,1.6457284947673878
2018-03-16T07:12:54.873,1.518e-05,1.53e-05,1.519e-05,300.64474206,237,1046,8203.0,5557,5082,5247.58474948,0.12452154,1.265480394600913,1.839955017651095
2018-03-16T07:12:54.873,1.518e-05,1.53e-05,1.519e-05,300.64474206,237,1046,8230.0,5555,5084,5248.79337967,0.1249314,1.265480394600913,1.839955017651095
2018-03-16T07:14:05.927,1.518e-05,1.53e-05,1.518e-05,300.64116013,235,1049,8230.0,5552,5081,5250.96055975,0.1249314,1.2381212143310694,1.8365030412139434
2018-03-16T07:14:34.473,1.518e-05,1.53e-05,1.518e-05,300.64116013,235,1049,8239.59310157,5557,5083,5250.35290621,0.12507702328183262,1.7134631956067807,1.8365030412139434
2018-03-16T07:15:08.087,1.518e-05,1.529e-05,1.518e-05,300.65748908,234,1050,8230.0,5558,5076,5250.20414109,0.1249314,1.6971342362324797,1.4943511320240033
2018-03-16T07:15:08.087,1.518e-05,1.529e-05,1.518e-05,300.65748908,234,1050,8206.0,5558,5073,5247.83786277,0.12456708,1.6971342362324797,1.4943511320240033
2018-03-16T07:16:07.857,1.518e-05,1.529e-05,1.518e-05,300.66278034,234,1049,8239.4931007,5559,5075,5248.07992839,0.12507550526862599,1.6757531861374992,1.4488862002843232
2018-03-16T07:16:45.28,1.518e-05,1.529e-05,1.518e-05,300.66278034,234,1049,8259.99999999,5560,5069,5251.6958222,0.1253867999998482,1.6757531861374992,1.4488862002843232
2018-03-16T07:17:15.023,1.518e-05,1.529e-05,1.518e-05,300.66278034,234,1049,8239.19310068,5560,5072,5248.41504099,0.1250709512683224,1.685728186137561,1.7784088838626624
2018-03-16T07:17:46.183,1.518e-05,1.529e-05,1.518e-05,300.66278034,234,1049,8235.0,5557,5078,5248.92203771,0.12500730000000002,1.685728186137561,1.7784088838626624
2018-03-16T07:18:22.017,1.518e-05,1.529e-05,1.519e-05,300.35921735,238,1052,8206.0,5564,5074,5254.54591329,0.12456708,1.738767235426837,1.585059580388162
2018-03-16T07:18:50.813,1.518e-05,1.529e-05,1.519e-05,300.35921735,238,1052,8239.19310068,5559,5075,5252.00028485,0.1250709512683224,2.2208094274466483,1.5261705747467216
2018-03-16T07:19:22.55,1.539e-05,1.539e-05,1.519e-05,300.35968217,240,1049,8255.9855,5557,5078,5253.21368081,0.127059616845,2.224344662446632,1.6869771435338525
2018-03-16T07:19:55.89,1.539e-05,1.539e-05,1.519e-05,300.35968217,240,1049,8240.0,5560,5079,5252.69742335,0.1268136,2.224344662446632,1.7821722204670467
2018-03-16T07:20:23.07,1.539e-05,1.539e-05,1.519e-05,300.35968217,240,1049,8240.0,5557,5081,5255.58584141,0.1268136,2.224344662446632,1.7821722204670467
2018-03-16T07:20:50.29,1.539e-05,1.539e-05,1.519e-05,300.35968217,240,1049,8210.0,5550,5081,5261.59038738,0.1263519,2.1662613781573725,1.7821722204670467
2018-03-16T07:21:28.117,1.539e-05,1.539e-05,1.52e-05,300.35968217,240,1049,8210.0,5549,5082,5261.8624041,0.1263519,2.2192994249527724,1.7821722204670467
2018-03-16T07:21:57.523,1.539e-05,1.539e-05,1.52e-05,300.35968217,240,1049,8210.0,5549,5082,5261.8624041,0.1263519,2.2225149999527045,1.7847131068998408
2018-03-16T07:22:58.68,1.539e-05,1.539e-05,1.52e-05,300.20508351,240,1055,8210.0,5549,5085,5253.63022939,0.1263519,2.2225149999527045,1.7602729772240922
2018-03-16T07:23:30.543,1.539e-05,1.539e-05,1.52e-05,300.20508351,240,1055,8210.0,5549,5085,5253.63022939,0.1263519,2.2225149999527045,1.7602729772240922
2018-03-16T07:24:03.25,1.539e-05,1.539e-05,1.52e-05,300.20508351,240,1055,8210.0,5552,5089,5251.6876642,0.1263519,2.2225149999527045,1.7602729772240922
2018-03-16T07:24:33.847,1.539e-05,1.539e-05,1.52e-05,300.20508351,240,1055,8210.0,5550,5085,5251.83898917,0.1263519,2.1296628846725474,1.7602729772240922
2018-03-16T07:25:01.677,1.539e-05,1.539e-05,1.52e-05,300.20508351,240,1055,8239.99,5554,5081,5250.76571796,0.1268134461,2.1610878979039443,1.7602729772240922
2018-03-16T07:25:36.193,1.52e-05,1.539e-05,1.52e-05,299.96750777,238,1056,8211.20227,5551,5085,5250.47229684,0.124810274504,2.2116970735446406,1.7602729772240922
2018-03-16T07:26:00.007,1.52e-05,1.539e-05,1.52e-05,299.96750777,238,1056,8250.0,5551,5082,5251.68244497,0.1254,2.2116970735446415,1.7602729772240922
2018-03-16T07:26:39.06,1.521e-05,1.539e-05,1.521e-05,299.95810978,239,1054,8255.98549995,5553,5080,5252.19431241,0.12557353945423952,2.2936079704506196,1.5594775792817854
2018-03-16T07:27:08.64,1.521e-05,1.539e-05,1.521e-05,299.95810978,239,1054,8249.0,5554,5085,5248.80573165,0.12546729,2.2936079704506196,1.7752928096462015
2018-03-16T07:27:36.017,1.521e-05,1.539e-05,1.521e-05,299.95810978,239,1054,8249.0,5554,5085,5248.80573165,0.12546729,2.3032559704506195,1.7752928096462015
2018-03-16T07:28:04.677,1.539e-05,1.539e-05,1.522e-05,299.51573611,240,1060,8249.0,5554,5085,5248.80573165,0.12695211,2.3543543844156662,1.765847472987943
2018-03-16T07:28:20.567,1.539e-05,1.539e-05,1.522e-05,299.51573611,240,1060,8211.00000002,5555,5087,5240.46542634,0.1263672900003078,2.3543543844156662,1.765847472987943
2018-03-16T07:28:51.723,1.539e-05,1.539e-05,1.522e-05,299.51573611,240,1060,8211.00000011,5561,5088,5238.40689227,0.1263672900016929,2.3543543844156662,1.765847472987943
2018-03-16T07:29:37.13,1.539e-05,1.539e-05,1.522e-05,299.51573611,240,1060,8211.00000003,5558,5087,5236.87402973,0.1263672900004617,2.3668436211277184,1.765847472987943
2018-03-16T07:30:15.82,1.539e-05,1.539e-05,1.523e-05,299.51573611,240,1060,8211.00000011,5558,5087,5236.42946397,0.1263672900016929,2.353166006584303,1.7810429024342298
2018-03-16T07:30:43.79,1.539e-05,1.539e-05,1.523e-05,299.51573611,240,1060,8211.00000211,5560,5086,5235.55325632,0.1263672900324729,2.353166006584303,1.4614194476144764
2018-03-16T07:31:15.18,1.539e-05,1.538e-05,1.523e-05,299.51573611,240,1060,8240.0,5562,5085,5235.10371061,0.1268136,2.353166006584303,1.7472590321845833
2018-03-16T07:31:51.12,1.539e-05,1.538e-05,1.523e-05,299.51573611,240,1060,8244.0,5564,5085,5234.92995942,0.12687516,2.353166006584303,1.7472590321845833
2018-03-16T07:32:21.483,1.521e-05,1.539e-05,1.521e-05,298.82721506,237,1061,8248.0,5563,5085,5234.98733061,0.12545208,2.2879179845579087,1.7810429024342298
2018-03-16T07:32:43.97,1.521e-05,1.539e-05,1.521e-05,298.82721506,237,1061,8248.0,5562,5085,5235.08003928,0.12545208,2.2879179845579087,1.765847472987943
2018-03-16T07:33:10.85,1.521e-05,1.539e-05,1.521e-05,298.82721506,237,1061,8244.0,5566,5084,5235.1546373,0.12539124,2.2879179845579087,1.765847472987943
2018-03-16T07:33:58.607,1.521e-05,1.539e-05,1.521e-05,298.82721506,237,1061,8244.0,5567,5082,5234.97860062,0.12539124,2.2879179845579087,1.765847472987943
2018-03-16T07:34:25.547,1.521e-05,1.539e-05,1.521e-05,298.82721506,237,1061,8244.0,5568,5082,5233.04958747,0.12539124,2.2903508823134255,1.765847472987943
2018-03-16T07:34:56.297,1.521e-05,1.539e-05,1.521e-05,298.82721506,237,1061,8212.00000011,5565,5083,5231.80579168,0.1249045200016731,2.2903508823134255,1.765847472987943
2018-03-16T07:35:26.75,1.521e-05,1.539e-05,1.521e-05,298.82721506,237,1061,8212.00000011,5565,5083,5231.80579168,0.1249045200016731,2.29706127632825,1.765847472987943
2018-03-16T07:36:06.133,1.521e-05,1.539e-05,1.521e-05,298.82721506,237,1061,8212.20227,5570,5087,5228.76043201,0.1249075965267,2.293883620467954,1.765847472987943
