timestamp,tick,ask,bid,vol,buys,sells,btc_tick,btc_buys,btc_sells,btc_vol,usdt,first_page_buy_orders,first_page_sell_orders
2018-02-13T20:35:36.017,0.0,0.0,2.0,0.0,111,0,8680.00000007,6785,4768,3726.11941127,0.0,0.40317005280335466,0
2018-02-13T20:36:07.37,0.0,0.0,2.0,0.0,111,0,8679.99999999,6786,4766,3725.88490583,0.0,0.39548776665262103,0
2018-02-13T20:36:41.233,0.0,0.0,2.0,0.0,111,0,8679.99999999,6784,4766,3725.89858723,0.0,0.39548776665262103,0
2018-02-13T20:37:13.157,0.0,0.0,2.0,0.0,111,0,8673.78794743,6782,4764,3728.2592927,0.0,0.42514391047593936,0
2018-02-13T20:37:47.157,0.0,0.0,2.0,0.0,111,0,8680.00000007,6784,4767,3728.08786658,0.0,0.42587001047593936,0
2018-02-13T20:38:18.05,0.0,0.0,2.0,0.0,111,0,8680.00000007,6783,4764,3727.3738507,0.0,0.42587001047593936,0
2018-02-13T20:38:47.707,0.0,0.0,2.0,0.0,111,0,8680.001,6786,4764,3726.97147516,0.0,0.6367991260754834,0
2018-02-13T20:39:19.52,0.0,0.0,2.0,0.0,111,0,8697.0,6783,4759,3726.74988662,0.0,0.6252049122256514,0
2018-02-13T20:39:43.57,0.0,0.0,2.0,0.0,111,0,8697.0,6787,4762,3712.46258167,0.0,0.6606298878257514,0
2018-02-13T20:40:20.603,0.0,0.0,2.0,0.0,111,0,8697.0,6783,4764,3712.63341331,0.0,0.7567583842757515,0
2018-02-13T20:40:49.227,0.0,0.0,2.0,0.0,111,0,8697.0,6783,4764,3712.63341331,0.0,0.8896512752759684,0
2018-02-13T20:41:23.523,0.0,0.0,2.0,0.0,111,0,8697.0,6786,4763,3699.39210464,0.0,0.8896512752759684,0
2018-02-13T20:41:49.737,0.0,0.0,2.0,0.0,111,0,8700.0,6790,4764,3698.9887344,0.0,0.8896512752759684,0
2018-02-13T20:42:27.473,0.0,0.0,2.0,0.0,111,0,8673.78794743,6786,4767,3698.75761148,0.0,0.8896512752759684,0
2018-02-13T20:42:57.557,0.0,0.0,2.0,0.0,111,0,8697.0,6784,4772,3698.50806585,0.0,0.8896512752759684,0
2018-02-13T20:43:25.387,0.0,0.0,2.0,0.0,211,0,8685.38897372,6786,4770,3698.41785264,0.0,1.153633472775756,0
2018-02-13T20:44:01.75,0.0,0.0,2.0,0.0,210,0,8696.99,6790,4771,3693.20145532,0.0,1.1586882042752165,0
2018-02-13T20:44:35.16,0.0,0.0,2.0,0.0,210,0,8696.99,6790,4769,3688.24870125,0.0,0.9947066356507333,0
2018-02-13T20:45:06.867,0.0,0.0,2.0,0.0,210,0,8695.0,6791,4773,3685.26530768,0.0,0.9963748756507333,0
2018-02-13T20:45:59.743,0.0,0.0,2.0,0.0,210,0,8695.0,6796,4771,3679.3406595,0.0,0.9727653001267635,0
2018-02-13T20:46:36.673,0.0,0.0,2.0,0.0,210,0,8694.0,6801,4773,3675.38171355,0.0,0.8606998756504936,0
2018-02-13T20:47:03.893,0.0,0.0,2.0,0.0,210,0,8710.0,6812,4766,3676.25217409,0.0,0.8606998756504936,0
2018-02-13T20:47:41.72,0.0,0.0,2.0,0.0,210,0,8710.0,6803,4768,3666.86716276,0.0,0.8606998756504936,0
2018-02-13T20:48:10.143,0.0,0.0,2.0,0.0,210,0,8710.0,6801,4772,3663.28330115,0.0,0.8606998756504936,0
2018-02-13T20:48:39.3,0.0,0.0,2.0,0.0,210,0,8687.01000003,6797,4775,3662.86803581,0.0,0.8606998756504936,0
2018-02-13T20:49:15.98,0.0,0.0,2.0,0.0,210,0,8700.29,6801,4778,3662.71556298,0.0,0.8606998756504936,0
2018-02-13T20:49:44.66,0.0,0.0,2.0,0.0,210,0,8700.29,6801,4778,3662.48016844,0.0,0.8606998756504936,0
2018-02-13T20:50:12.27,0.0,0.0,2.0,0.0,210,0,8700.29,6800,4775,3665.00758613,0.0,0.8606998756504936,0
2018-02-13T20:50:48.083,0.0,0.0,2.0,0.0,210,0,8708.0,6801,4774,3664.96913163,0.0,0.9786713355243155,1013.93918084
2018-02-13T20:51:24.147,0.00047737,2.0,0.00018,0.42583595,247,1,8707.90000001,6800,4777,3663.37442942,4.156890223004774,1.2935436678469547,20.0
2018-02-13T20:51:57.197,0.00018,0.00018,0.00017752,0.69512059,241,9,8700.90000001,6796,4778,3661.6846489,1.5661620000018002,0.991758756434956,289.9282603983992
2018-02-13T20:52:30.103,0.00017752,0.00017752,0.00016754,1.29028532,240,11,8700.90000001,6795,4779,3662.07008672,1.5445837680017753,0.9149317503211597,24.02179531114964
2018-02-13T20:52:58.73,0.00017752,0.00017752,0.00014,2.7394558,218,12,8688.01000003,6790,4784,3663.13920368,1.5422955352053256,1.2935817994665681,1.4975892580621575
2018-02-13T20:53:31.91,0.00015,0.000176,0.00015,2.74053346,227,11,8688.01000003,6789,4783,3662.74861185,1.3032015000045,1.1545009079142519,4.336574253315525
2018-02-13T20:54:02.813,0.00017449,0.00017,0.00016,2.83196659,243,13,8724.99999998,6789,4773,3663.35526602,1.52242524999651,2.0593231754698387,4.712265295430937
2018-02-13T20:54:34.973,0.00015,0.00015,0.00014025,5.70647186,233,31,8724.99999998,6789,4773,3663.35526602,1.3087499999969998,1.8077682023057051,4.942533925740828
2018-02-13T20:55:06.213,0.00013752,0.00013899,0.00013752,6.93806476,234,36,8723.0,6797,4774,3663.09250492,1.19958696,2.59029146829902,3.2606845861245968
2018-02-13T20:55:37.337,0.00013632,0.00013631,0.0001363,10.07733126,233,37,8688.01000004,6796,4776,3667.57521495,1.1843495232054528,4.194912788920315,6.765704269469456
2018-02-13T20:56:36.58,0.00015299,0.00015,0.00014499,11.54691984,259,62,8688.01000004,6807,4771,3670.20794963,1.3291786499061196,3.9401585363389198,8.099835230007772
2018-02-13T20:57:09.89,0.00014998,0.00014998,0.00014501,13.51759292,250,57,8720.0,6803,4770,3668.62499371,1.3078256,1.7423667280079849,5.607394269549327
2018-02-13T20:57:45.8,0.00014507,0.0001479,0.0001451,14.137479,256,63,8720.0,6802,4772,3661.26094765,1.2650104,1.3677318596541321,8.6613306406036
2018-02-13T20:58:19.44,0.0001479,0.00014787,0.000147,15.90001529,256,68,8719.99999999,6804,4772,3661.37070826,1.2896879999985207,0.698065496763627,7.980327204517591
2018-02-13T20:58:49.583,0.000145,0.000145,0.00014499,17.62531039,244,74,8719.99999999,6810,4779,3660.49553913,1.2643999999985498,1.450118266875343,8.673930977241884
2018-02-13T20:59:20.993,0.0001469,0.0001469,0.000145,17.98106522,246,76,8720.0,6816,4781,3655.21952353,1.2809679999999999,1.1053595016001732,8.895842740658559
2018-02-13T20:59:53.17,0.0001469,0.000147,0.0001469,22.49598549,254,71,8719.99999998,6816,4784,3654.2271307,1.280967999997062,1.6556427677784038,5.910910863837926
2018-02-13T21:00:22.65,0.000148,0.0001499,0.00014801,23.55181076,247,73,8719.99999997,6816,4783,3653.93772347,1.29055999999556,2.5455032264408675,3.1602777911263806
2018-02-13T21:00:55.667,0.00015449,0.000153,0.0001501,27.17077221,255,78,8700.0,6818,4783,3652.94538658,1.344063,1.85378973189164,4.7520398732140885
2018-02-13T21:01:24.5,0.00015448,0.00015447,0.00015444,28.03105576,249,78,8700.0,6820,4782,3655.74779236,1.343976,1.345537621854066,6.779467033884007
2018-02-13T21:01:56.423,0.00015448,0.00015448,0.00015447,31.82095424,251,75,8690.0,6812,4783,3657.06747397,1.3424312,2.4361574036648905,4.5032663068992145
2018-02-13T21:02:28.193,0.000152,0.000152,0.000151,33.23242171,246,84,8690.0,6810,4789,3658.06008073,1.32088,1.917527562044607,5.889946023516475
2018-02-13T21:03:01.303,0.000152,0.0001501,0.0001485,33.70435023,245,86,8690.0,6811,4786,3654.88229519,1.32088,1.3182264524052292,5.283401383640913
2018-02-13T21:03:33.12,0.0001469,0.000148,0.0001469,34.46827798,236,89,8700.0,6810,4791,3652.99145696,1.27803,1.0409038341917012,6.7283619027166655
2018-02-13T21:04:05.13,0.0001469,0.0001475,0.00014629,35.34609702,241,86,8700.0,6806,4791,3648.86586656,1.27803,1.1135445311511385,5.787944460924569
2018-02-13T21:04:41.18,0.000146,0.000146,0.00014501,35.50112449,247,89,8699.99,6806,4793,3649.56763672,1.27019854,1.0747317793751128,8.145859909827083
2018-02-13T21:05:12.027,0.00014499,0.00014499,0.00014429,35.97799723,234,91,8699.98999998,6806,4794,3642.46956288,1.2614115500971002,2.2579751839004514,6.733197295936661
2018-02-13T21:05:43.607,0.000138,0.00014,0.000138,38.32267227,216,97,8690.0,6804,4806,3646.47609033,1.19922,3.244434058372684,5.546860891649256
2018-02-13T21:06:19.403,0.0001399,0.00014299,0.00013995,40.34151268,219,103,8688.01000003,6802,4796,3646.10237266,1.2154525990041973,1.467691376942304,4.852888421215188
2018-02-13T21:07:08.477,0.000143,0.00014798,0.00014429,41.56140967,223,101,8673.78794743,6808,4796,3639.7835734,1.2403516764824902,0.5384609336462124,0.4893824237756948
2018-02-13T21:07:40.45,0.00014798,0.0001457,0.00014429,41.86051988,232,108,8672.73059042,6806,4798,3639.57276526,1.2833906727703517,0.54161275298763,5.363192355166269
2018-02-13T21:08:13.107,0.00014429,0.000145,0.00014443,41.89632119,234,117,8725.0,6806,4780,3645.16492908,1.25893025,0.4687674704621728,5.470700817042229
2018-02-13T21:08:47.877,0.00013929,0.00014499,0.00014443,47.4229623,230,116,8700.0,6811,4787,3641.84838627,1.211823,0.6174070127103054,3.5924494685291135
2018-02-13T21:09:20.507,0.00014003,0.000144,0.00014005,47.48525185,235,121,8700.0,6811,4787,3641.84838627,1.218261,0.6412224847947892,2.856973750499253
2018-02-13T21:09:50.7,0.000144,0.00014398,0.0001439,47.72077453,247,117,8700.0,6805,4784,3640.28705659,1.2528000000000001,0.47571458512898723,2.913247672577901
2018-02-13T21:10:21.487,0.00014,0.0001438,0.00014,48.35261762,232,124,8701.0,6803,4788,3640.41141646,1.21814,0.842610461236381,3.669154927335052
2018-02-13T21:10:50.91,0.00014,0.00014,0.0001399,48.6074673,236,126,8715.0,6806,4783,3642.19277643,1.2201,1.613472566010437,3.502530372888881
2018-02-13T21:11:24.573,0.00014,0.00013999,0.00013991,51.02861741,239,123,8714.99999999,6806,4787,3639.1637205,1.2200999999985997,0.5507203261824553,2.1739349832106973
2018-02-13T21:11:57.72,0.0001401,0.00014299,0.000141,51.35627646,247,126,8713.99999997,6804,4788,3635.1393357,1.220831399995797,1.0197640305559659,2.026102396954472
2018-02-13T21:12:30.66,0.000142,0.000142,0.00014102,52.2407975,238,127,8701.0,6806,4786,3632.5749198,1.2355420000000001,0.9253630719598728,1.0409514932587594
2018-02-13T21:13:02.007,0.000142,0.000142,0.0001418,52.75739587,239,136,8700.0,6803,4788,3633.46960218,1.2354,1.4156533670012148,0.661380449090535
2018-02-13T21:13:39.413,0.000142,0.00014244,0.00014201,53.12171593,233,136,8670.0,6807,4788,3625.51968367,1.2311400000000001,1.4338321369046014,1.6436498361838332
2018-02-13T21:14:11.31,0.00014244,0.00014349,0.00014244,53.16800885,231,137,8661.00000001,6806,4787,3627.98315204,1.2336728400014245,1.4686426733075968,1.4045479632572042
2018-02-13T21:14:42.293,0.00014349,0.00014697,0.00014349,53.18608449,232,137,8697.99,6808,4789,3627.94455583,1.2480745851,1.3413936940212836,1.9796543454547957
2018-02-13T21:15:12.53,0.00014782,0.00014772,0.00014351,54.68909195,236,138,8663.4618744,6809,4790,3628.09403638,1.280632934273808,0.8925780817031697,3.775420891754746
2018-02-13T21:15:44.577,0.000147,0.000147,0.000144,54.8631238,240,144,8697.99,6809,4791,3627.10957481,1.27860453,0.5988448453565997,2.5162877158387844
2018-02-13T21:16:16.14,0.00014,0.000146,0.000144,56.30643876,221,147,8697.99,6809,4791,3627.10957481,1.2177185999999998,1.23684480306156,4.415753697775083
2018-02-13T21:16:46.04,0.00014,0.00014498,0.00014,57.44187665,227,156,8694.0,6806,4794,3625.72841571,1.2171599999999998,1.3271339606938897,4.471295855873171
2018-02-13T21:17:37.37,0.000143,0.000143,0.00013929,59.13594858,227,164,8693.0,6810,4792,3615.68767063,1.243099,2.0425599194937827,0.7647200627236578
2018-02-13T21:18:08.653,0.00014001,0.00014,0.0001395,61.59945079,212,171,8695.0,6811,4788,3615.18917469,1.21738695,3.4975150943186044,0.9997242504160739
2018-02-13T21:18:39.23,0.0001399,0.0001399,0.0001393,61.71863289,220,169,8695.0,6808,4789,3615.27718574,1.2164305000000002,1.54084997080827,1.4138993148106236
2018-02-13T21:19:12.637,0.0001399,0.0001399,0.00013929,62.99434903,211,173,8695.0,6808,4789,3615.19881292,1.2164305000000002,2.518149898120006,1.31780529920061
2018-02-13T21:19:43.607,0.0001399,0.0001399,0.0001395,63.15495207,220,175,8699.0,6810,4785,3610.26796689,1.2169901,1.4862434124694284,1.152231159503517
2018-02-13T21:20:15.813,0.0001399,0.0001425,0.0001399,63.24402153,226,175,8695.0,6808,4787,3610.13476703,1.2164305000000002,1.4726410895613862,0.8726847727585956
2018-02-13T21:20:47.173,0.00014239,0.00014239,0.00013993,63.47056227,236,179,8695.0,6811,4788,3607.6019553,1.23808105,1.0167747997375154,0.964124123604804
2018-02-13T21:21:19.347,0.0001423,0.00014229,0.000142,64.64705575,235,183,8699.0,6812,4788,3603.88101607,1.2378677,5.450700712447243,1.1596511525315916
2018-02-13T21:21:50.177,0.00013999,0.0001422,0.00014009,64.73857524,230,181,8695.0,6815,4789,3586.83735894,1.21721305,5.507174317910426,0.837043528617591
2018-02-13T21:22:21.857,0.00014216,0.0001423,0.00014218,65.05184961,231,179,8695.0,6813,4791,3581.09664884,1.2360812,6.0636461864562445,0.844619757374167
2018-02-13T21:23:02.847,0.00014492,0.00014498,0.00014497,66.08581625,237,168,8695.0,6817,4790,3582.0174904,1.2600794,2.2245908960852354,1.4592537079770935
2018-02-13T21:23:34.8,0.00014497,0.00014497,0.00014398,67.89826106,233,171,8694.0,6817,4792,3582.00675046,1.2603691799999999,0.9596574829986171,2.217096703038141
2018-02-13T21:24:05.837,0.00014011,0.00014398,0.00014012,68.43179152,237,177,8695.0,6817,4792,3579.04603407,1.2182564500000002,5.6433965078568304,2.2385983020750535
2018-02-13T21:24:37.777,0.00014101,0.000143,0.00014101,68.45310552,242,182,8694.0,6816,4796,3567.02612545,1.22594094,0.8290188410143066,2.476848370357281
2018-02-13T21:25:10.11,0.000143,0.000143,0.000142,68.56049258,248,177,8693.99999999,6817,4799,3565.52266536,1.24324199999857,0.537321316121482,2.3657316644810806
2018-02-13T21:25:41.117,0.000142,0.0001427,0.000142,68.59242636,243,183,8682.0,6817,4799,3565.76663408,1.232844,0.32645715922544544,1.8693676236802306
2018-02-13T21:26:12.11,0.000143,0.0001429,0.00014205,69.46758051,247,181,8682.0,6817,4801,3565.87847873,1.2415260000000001,0.6074421338535643,1.682652307720739
2018-02-13T21:26:43.257,0.000143,0.000143,0.0001421,69.63233798,246,181,8651.0,6808,4800,3567.23126907,1.237093,0.6096631713780392,1.5417243864836225
2018-02-13T21:27:14.747,0.00014397,0.00014397,0.000143,70.63032558,246,180,8650.3,6813,4804,3571.07653842,1.2453836909999998,0.8019030722251836,0.5064017048259987
2018-02-13T21:28:08.313,0.00014496,0.00014599,0.000145,71.16174021,256,181,8650.3,6808,4805,3572.383352,1.2539474879999999,0.3577679222979188,0.6627583948932378
2018-02-13T21:28:40.253,0.00014662,0.00014662,0.00014501,71.54360262,251,175,8650.3,6809,4805,3572.14527789,1.2683069859999998,0.1471008506515501,2.167485676110977
2018-02-13T21:29:13.04,0.0001452,0.00014599,0.0001452,71.83449803,252,179,8650.3,6812,4806,3571.83002214,1.25602356,0.102434562601614,0.6359116696860514
2018-02-13T21:29:43.153,0.000145,0.00014663,0.00014491,72.01434752,245,178,8650.3,6805,4809,3571.79383938,1.2542935,0.6959662870826435,2.4452254008795933
2018-02-13T21:30:15.193,0.00014491,0.00014598,0.00014489,72.04404134,248,178,8650.0,6810,4808,3568.48420942,1.2534714999999998,0.6750048287598815,1.021964834960966
2018-02-13T21:30:52.137,0.00014487,0.00014588,0.00014487,73.35014688,249,181,8645.70341752,6810,4810,3568.1234852,1.2525030540961224,0.6809561824505055,0.4480160459738756
2018-02-13T21:31:27.3,0.00014487,0.00014487,0.00014406,73.42770668,255,186,8646.99999999,6814,4805,3568.55025767,1.2526908899985512,0.9865641395573067,0.49873372923332393
2018-02-13T21:31:59.24,0.000144,0.000144,0.00014399,74.08291154,253,194,8646.99999999,6813,4805,3568.56074308,1.2451679999985599,1.2095824803349717,0.546466832725921
2018-02-13T21:32:29.273,0.000144,0.00014586,0.0001446,74.42115782,257,194,8645.70341753,6810,4803,3568.68188248,1.24498129212432,1.3445918360353837,0.5979588150976369
2018-02-13T21:33:07.343,0.0001446,0.00014586,0.000145,74.69842412,258,196,8645.70341755,6809,4807,3563.67466855,1.2501687141777298,1.427987673860596,1.2488840452069443
2018-02-13T21:33:38.177,0.00014587,0.0001466,0.00014587,74.8986667,265,197,8649.0,6812,4806,3563.71486015,1.26162963,1.4331135369291077,1.64934749374093
2018-02-13T21:34:09.7,0.00014663,0.0001475,0.00014661,75.03461071,270,196,8645.70341752,6810,4805,3562.36266974,1.2677194921109576,6.930711905988336,3.5273399951791027
2018-02-13T21:34:43.66,0.0001478,0.0001478,0.00014779,75.68313755,273,196,8640.2055217,6806,4806,3559.623683,1.2770223761072599,0.8988573548815236,7.556182010664643
2018-02-13T21:35:13.74,0.000147,0.00014779,0.000147,79.2814205,253,196,8620.0,6801,4810,3559.99532603,1.26714,0.733414270670483,1.8689981056120615
2018-02-13T21:35:46.713,0.00014701,0.00014988,0.0001471,79.45427006,267,200,8629.0,6804,4811,3559.83699893,1.26854929,1.026868094667068,4.654036086188757
2018-02-13T21:36:19.653,0.00014712,0.00014985,0.0001472,80.27557799,271,204,8610.0,6792,4811,3558.92559654,1.2667031999999998,0.8182177577968516,2.484685133606496
2018-02-13T21:36:50.613,0.00014899,0.0001489,0.00014719,80.86990996,270,210,8600.0,6796,4813,3557.26394056,1.281314,7.489927134640082,2.4020043810446214
2018-02-13T21:37:21.93,0.00014802,0.00014901,0.00014802,85.95422393,267,209,8610.0,6795,4808,3558.78099736,1.2744522,3.4878306306640083,2.2537335607067868
2018-02-13T21:37:53.027,0.000149,0.00014987,0.000149,86.72442637,269,203,8610.0,6796,4812,3558.22299411,1.2828899999999999,3.6732078594879622,2.192452724382007
2018-02-13T21:38:38.257,0.0001501,0.00015199,0.0001501,90.30222128,261,196,8605.4,6797,4816,3555.38371695,1.29167054,2.740745690860641,3.509631296615705
2018-02-13T21:39:09.493,0.00015,0.00014981,0.00014903,92.07690048,259,208,8610.0,6797,4813,3556.08736894,1.2914999999999999,3.760915269815237,2.7082220695724746
2018-02-13T21:39:41.953,0.00015191,0.00015191,0.00015,92.54594657,272,208,8605.4,6791,4815,3556.93260199,1.307246314,0.5080745479769374,3.3658910424282595
2018-02-13T21:40:12.193,0.00015191,0.00015188,0.00015001,93.2072251,277,209,8605.4,6789,4814,3559.23470924,1.307246314,2.5727816027316583,3.026624315142814
2018-02-13T21:40:44.51,0.00015048,0.00015228,0.000151,93.29911783,280,212,8605.4,6789,4813,3569.05156117,1.2949405920000001,3.766929081885577,3.3263477081967476
2018-02-13T21:41:17.343,0.0001521,0.00015224,0.0001521,93.90260191,271,210,8605.4,6790,4814,3569.14950699,1.3088813400000001,3.5480664449534007,3.270178882725982
2018-02-13T21:41:46.8,0.00015198,0.0001523,0.0001521,94.36209355,272,210,8600.00000004,6795,4816,3579.26284253,1.307028000006079,1.220284523866711,2.8622602032695124
2018-02-13T21:42:19.303,0.00015229,0.0001523,0.00015229,94.73278429,261,213,8600.00000002,6795,4817,3582.85610375,1.3096940000030457,1.2124175779130137,2.7758766481237265
2018-02-13T21:42:50.667,0.0001523,0.0001523,0.0001522,94.99901328,264,213,8600.00000001,6796,4819,3589.18756418,1.309780000001523,1.4544115803343882,2.6589814307902895
2018-02-13T21:43:21.343,0.00015201,0.000152,0.00015114,95.20080477,256,220,8600.00000002,6801,4815,3589.30136157,1.3072860000030402,1.530114601933974,2.8839961998904213
2018-02-13T21:43:56.46,0.00014902,0.00014902,0.00014821,97.5702334,237,228,8605.4,6803,4816,3585.96507689,1.282376708,3.3192444108977295,2.71166192609125
2018-02-13T21:44:29.073,0.00014903,0.00015109,0.0001494,97.7836976,251,230,8605.3,6807,4819,3587.27539673,1.282447859,5.86831714031601,2.666110430723486
2018-02-13T21:44:58.19,0.00015109,0.00015218,0.00015109,97.80799543,251,230,8605.4,6805,4817,3587.59946607,1.3001898859999999,1.9147839116180856,2.7616382066402747
2018-02-13T21:45:30.71,0.00014969,0.00015105,0.00015,99.49855929,257,233,8605.4,6806,4817,3591.48185772,1.288142326,1.302772999117571,2.728978527644484
2018-02-13T21:45:59.427,0.00015105,0.00015218,0.000152,99.5205214,251,232,8600.00000002,6801,4813,3596.01239567,1.299030000003021,1.0394072945963835,3.5473270839342725
2018-02-13T21:46:33.147,0.0001496,0.000152,0.00015001,101.63242748,245,236,8605.4,6803,4812,3596.00603409,1.28736784,0.8779134379078899,2.7090380128386236
2018-02-13T21:47:04.34,0.0001494,0.000152,0.0001519,102.36157022,248,237,8605.4,6805,4810,3594.63840782,1.2856467599999999,2.6875736243119257,1.8947761960815988
2018-02-13T21:47:42.963,0.00014947,0.00014938,0.00014811,103.14116578,240,249,8621.9919,6807,4811,3594.49740116,1.288729129293,2.9702673222249776,0.8708410128667794
2018-02-13T21:48:18.417,0.00015051,0.00014947,0.000148,103.67116074,248,253,8650.3,6812,4813,3595.42130763,1.3019566529999997,3.0948142566145505,2.0438745837005423
2018-02-13T21:49:09.003,0.00014947,0.00014947,0.00014878,103.97419881,247,257,8660.0,6821,4812,3596.03825027,1.2944102,2.4883426281621346,2.0891273338812435
2018-02-13T21:49:40.493,0.00014947,0.00015051,0.00014947,104.12437388,251,260,8640.2055217,6818,4821,3596.21159074,1.2914515193284988,2.4416108184593606,0.5269565005074097
2018-02-13T21:50:13.81,0.00015,0.00015051,0.00015,104.14903793,250,266,8619.89,6814,4817,3595.83864445,1.2929834999999998,2.3811958673951623,0.5702467848609507
2018-02-13T21:50:46.797,0.00015,0.00015,0.0001488,104.17699497,250,265,8619.89,6814,4819,3595.42463511,1.2929834999999998,2.692709441029205,0.6099256245561132
2018-02-13T21:51:20.143,0.00014878,0.00015,0.00014878,104.70567464,247,270,8650.29989,6814,4815,3595.07801911,1.2869916176342,2.330544124383837,1.3900189308018254
2018-02-13T21:51:52.163,0.00015,0.00015098,0.00015,105.18029477,248,264,8659.99999999,6816,4820,3595.15587606,1.2989999999984998,3.029725073036953,2.065505909298466
2018-02-13T21:52:24.217,0.00014999,0.0001499,0.00014902,105.96060021,249,269,8650.0,6816,4822,3594.34693338,1.2974135,0.2563198333137096,0.6994480895319813
2018-02-13T21:52:52.91,0.0001499,0.0001499,0.00014903,106.07019667,252,273,8610.6,6820,4824,3593.2334744,1.2907289400000002,0.23618686733918856,1.0395979775197004
2018-02-13T21:53:24.29,0.0001499,0.00014999,0.00014906,106.07243566,253,278,8610.5,6819,4825,3589.97694656,1.29071395,0.1305610437127862,0.8436648430506103
2018-02-13T21:53:56.907,0.00014888,0.000149,0.00014879,106.3659336,249,282,8630.0,6819,4824,3590.07334065,1.2848344,2.1909533418790144,0.8832901498086246
2018-02-13T21:54:30.047,0.00014879,0.000149,0.00014879,106.50796325,252,281,8630.0,6821,4821,3591.97909198,1.2840577,0.21865557712979608,0.9675914108508481
2018-02-13T21:54:58.337,0.000149,0.0001499,0.000149,106.59301822,253,283,8620.0,6817,4822,3591.8867729,1.2843799999999999,0.2320359589218254,0.927058642278573
2018-02-13T21:55:34.61,0.000149,0.0001499,0.000149,106.63015508,253,282,8625.0,6819,4824,3598.91653173,1.2851249999999999,0.2334216186859154,1.6651744745099126
2018-02-13T21:56:05.267,0.0001499,0.0001498,0.000149,106.66486942,256,281,8620.00000001,6818,4824,3598.76651967,1.2921380000014993,0.20081658656832543,1.5783126994401386
2018-02-13T21:56:34.53,0.0001498,0.00014966,0.000149,106.68232897,257,282,8620.00000001,6816,4830,3602.75245197,1.2912760000014982,0.40781886386846533,2.673777230695437
2018-02-13T21:57:06.907,0.000149,0.000149,0.00014879,106.87995387,253,291,8588.56600001,6793,4827,3604.64280695,1.27969633400149,0.20574504215313713,4.7677191295245045
2018-02-13T21:57:34.363,0.00014899,0.00014899,0.00014878,106.9403406,257,294,8581.0,6794,4830,3603.53465545,1.27848319,0.6080622723738742,5.345888409321391
2018-02-13T21:58:09.583,0.00014899,0.00014895,0.00014878,107.49764321,258,289,8580.0,6794,4832,3604.07388505,1.2783342,0.1902753207370264,4.3546412323146315
2018-02-13T21:58:41.663,0.00014878,0.00014895,0.00014878,107.57548636,252,285,8575.75515963,6794,4830,3602.67609893,1.2759008526497513,2.2145297559246355,4.406665783229093
2018-02-13T21:59:39.9,0.000148,0.00014791,0.0001473,107.66181495,250,290,8565.75515963,6784,4832,3609.05532119,1.2677317636252399,2.4301737617834642,3.947568336924774
2018-02-13T22:00:15.2,0.0001466,0.0001466,0.00014609,109.98641967,238,294,8564.52250009,6786,4835,3610.17870248,1.2555589985131943,1.131181678564542,2.6936970033421517
2018-02-13T22:00:46.1,0.00014609,0.00014609,0.00014554,110.54322155,237,291,8551.0,6774,4834,3614.79187713,1.2492155900000002,0.8564092401789583,2.9735394181009136
2018-02-13T22:01:15.663,0.00014521,0.0001466,0.00014521,110.68619414,237,292,8560.0,6779,4836,3615.80288972,1.2429976,0.947951137227498,2.9326903674118245
2018-02-13T22:01:48.417,0.00014524,0.00014501,0.000145,110.81082144,233,298,8564.52250008,6782,4831,3615.82258273,1.2439112479116192,1.3943513619105645,2.2612264017516317
2018-02-13T22:02:20.53,0.00014501,0.0001462,0.00014501,110.85184945,237,297,8560.0,6784,4831,3616.83386447,1.2412855999999999,1.3150507143003038,3.11545588003665
2018-02-13T22:02:51.857,0.0001462,0.0001462,0.00014502,110.86195547,250,297,8564.52250008,6781,4846,3616.73945962,1.252133189511696,1.3580236986856353,2.9965888292536156
2018-02-13T22:03:25.183,0.000145,0.0001461,0.000145,111.60741125,245,300,8560.0,6781,4847,3617.18412464,1.2412,1.1337113361304627,2.1037024775975293
2018-02-13T22:03:58.577,0.000144,0.000145,0.000144,111.71201659,253,307,8560.0,6782,4850,3617.73785355,1.23264,1.0781180566499986,3.625667664796646
2018-02-13T22:04:30.857,0.00014326,0.00014297,0.00014122,111.78499195,254,313,8560.0,6782,4850,3618.88569249,1.2263056,2.0134397734028933,2.9962795961039603
2018-02-13T22:04:59.107,0.00014123,0.000143,0.00014124,111.87560146,256,315,8558.53317291,6784,4849,3619.5165606,1.2087216400100793,1.1485536246597257,2.2056271754086785
2018-02-13T22:05:33.107,0.00014326,0.00014326,0.00014159,112.12852908,260,315,8564.52250008,6786,4846,3619.33608751,1.226953493361461,0.7334929161683921,2.9544472451221555
2018-02-13T22:06:04.077,0.00014306,0.000145,0.00014161,112.13786229,262,315,8559.0,6786,4850,3619.79360483,1.22445054,0.9392525288144824,3.002872996375811
2018-02-13T22:06:34.673,0.00014189,0.00014482,0.00014209,112.664385,258,315,8551.0,6782,4855,3621.19297876,1.21330139,0.8168974644649599,3.0312784471774528
2018-02-13T22:07:05.91,0.00014361,0.0001436,0.00014209,112.82573813,260,321,8530.00000007,6763,4852,3627.29307309,1.2249933000100526,0.6680759482826617,2.0039871788979537
2018-02-13T22:07:36.62,0.00014209,0.000143,0.00014125,112.95897592,258,326,8540.50028424,6768,4849,3627.87303075,1.2135196853876615,0.6194684071382824,0.8591328121934632
2018-02-13T22:08:07.91,0.00014124,0.00014182,0.00014127,113.05509282,255,328,8540.50028424,6774,4830,3626.27235438,1.2062602601460577,0.9680010959432924,0.7484905942015547
2018-02-13T22:08:39.527,0.00014209,0.00014153,0.00014127,113.28506741,258,331,8549.0,6775,4847,3626.71569717,1.2147274099999998,0.933441785179523,0.7501155625565159
2018-02-13T22:09:10.49,0.00014127,0.0001429,0.00014127,113.48342218,255,332,8545.50028422,6773,4851,3626.96951245,1.2072228251517594,0.8573510294509029,0.7592541279429279
2018-02-13T22:10:12.82,0.00014141,0.0001428,0.0001427,113.68849787,260,332,8545.40028421,6783,4863,3625.39275011,1.2084050541901359,1.6117244776528834,0.7642123366342265
2018-02-13T22:10:42.67,0.00014128,0.0001428,0.00014128,114.90375789,257,329,8549.0,6781,4860,3627.1531285,1.20780272,1.4510068512149252,0.6652925681416635
2018-02-13T22:11:17.05,0.0001416,0.00014299,0.0001428,114.9834863,262,335,8550.0,6785,4862,3626.49302683,1.21068,1.3066300711274987,2.6494405656770152
2018-02-13T22:11:48.423,0.00014165,0.00014271,0.0001419,115.52402422,263,333,8550.9,6786,4860,3626.77024007,1.211234985,0.9383107301860003,2.630672210382225
2018-02-13T22:12:24.033,0.0001413,0.00014491,0.0001422,116.32299204,259,331,8550.89999999,6784,4863,3626.78359917,1.208242169998587,0.9589163586876119,3.9661426807310405
2018-02-13T22:12:54.943,0.0001413,0.00014429,0.0001413,116.4218258,262,337,8550.89999999,6784,4867,3626.19357404,1.208242169998587,0.9335501648512897,3.806467600035113
2018-02-13T22:13:29.34,0.00014135,0.0001434,0.00014144,116.94290277,264,336,8548.9,6775,4868,3627.82754794,1.2083870149999998,1.3212747305449466,3.835075652585357
2018-02-13T22:13:59.307,0.00014135,0.0001434,0.0001415,116.94290277,264,336,8548.69999999,6776,4867,3627.64402888,1.2083587449985864,1.5235935516224313,3.828053103648619
2018-02-13T22:14:30.593,0.0001413,0.00014128,0.00014123,117.3752915,259,344,8548.8,6775,4865,3627.34419562,1.2079454399999998,0.7822421878072252,2.872745135751922
2018-02-13T22:14:58.267,0.00014119,0.0001412,0.00014119,117.92236303,256,344,8550.89999999,6777,4863,3627.89519676,1.2073015709985881,0.7565392629602881,2.8704908285441615
2018-02-13T22:15:32.13,0.00014102,0.00014127,0.00014102,118.08704278,251,342,8549.0,6777,4865,3628.04181544,1.20557998,1.3747225211745002,1.9253897028165952
2018-02-13T22:16:04.01,0.00014126,0.00014127,0.00014126,118.08893505,256,343,8550.89999999,6782,4862,3626.63704638,1.2079001339985875,0.6331499985382607,2.0140059225612594
2018-02-13T22:16:35.313,0.00014127,0.00014128,0.00014127,118.17198306,259,347,8550.9,6782,4863,3624.56973309,1.207985643,0.6391920522780304,2.1454264100526537
2018-02-13T22:17:06.383,0.00014128,0.00014128,0.00014127,118.30617217,257,347,8550.9,6783,4863,3621.38288943,1.208071152,0.6268191420774412,2.240631722841408
2018-02-13T22:17:36.183,0.00014126,0.00014128,0.00014104,118.33620104,255,349,8550.89999999,6780,4866,3621.63475948,1.2079001339985875,0.6190801252336244,2.331977279251015
2018-02-13T22:18:10.3,0.00014102,0.00014127,0.00014102,118.36521444,254,347,8550.89999999,6777,4867,3621.88608418,1.20584791799859,0.6190801252336244,2.331977279251015
2018-02-13T22:18:39.837,0.00014127,0.00014127,0.00014102,118.49916828,252,348,8550.99999999,6783,4864,3621.54837856,1.2079997699985872,1.2411243630935271,0.7137325998450199
2018-02-13T22:19:11.967,0.00014127,0.00014128,0.00014127,118.50296603,250,343,8550.99999999,6785,4872,3620.30772412,1.2079997699985872,0.4532208874997372,2.4483002830735647
2018-02-13T22:19:40.173,0.000141,0.00014128,0.000141,118.76449112,250,345,8550.99999999,6789,4875,3610.88168337,1.20569099999859,0.9610332011260011,2.5049856830737607
2018-02-13T22:20:39.11,0.00014247,0.00014248,0.00014247,118.9574061,256,344,8550.99999999,6784,4874,3608.02231149,1.2182609699985754,0.6371958058015895,3.433783530071813
2018-02-13T22:21:09.12,0.00014248,0.00014245,0.00014103,119.68590495,255,344,8565.0,6795,4873,3605.89661682,1.2203412,0.2162655600350033,3.8654861099580904
2018-02-13T22:21:41.17,0.00014102,0.00014102,0.000141,120.07288848,246,346,8574.0,6799,4876,3605.61955291,1.20910548,1.680752007028059,2.489129280290796
2018-02-13T22:22:14.79,0.00014102,0.00014102,0.0001401,120.12864322,248,349,8575.0,6800,4874,3606.54985803,1.2092465000000001,1.906531279239762,1.7798519635004286
2018-02-13T22:22:44.65,0.00014103,0.00014103,0.00014021,120.13099143,248,348,8575.99999999,6801,4875,3605.72600137,1.2094732799985897,1.9325328025148991,2.7879733374460596
2018-02-13T22:23:16.51,0.00014103,0.00014399,0.00014103,120.15078133,248,348,8579.0,6803,4870,3605.36145886,1.20989637,1.454843289684677,2.035713955974808
2018-02-13T22:23:48.853,0.00014,0.00014014,0.00014,120.66046715,245,352,8586.99999,6802,4870,3603.73331503,1.2021799986,3.1604262247120456,1.6692168591885066
2018-02-13T22:24:18.033,0.00014,0.00014009,0.00014,120.87604098,244,354,8587.0,6801,4869,3604.23901131,1.2021799999999998,3.0045685139319787,1.5154217595822108
2018-02-13T22:24:49.053,0.00014,0.00014149,0.00014014,120.89202991,245,355,8579.0,6794,4872,3603.97139659,1.2010599999999998,2.13253552488168,1.56140132265804
2018-02-13T22:25:23.403,0.00014149,0.00013997,0.000139,121.94895055,235,358,8587.0,6795,4873,3603.7532341,1.21497463,2.6154180570033367,1.4962992234872527
2018-02-13T22:25:55.69,0.00013801,0.00014092,0.00013801,122.22093588,234,357,8587.0,6795,4873,3603.7532341,1.18509187,2.400496426240364,0.34554247234903746
2018-02-13T22:26:27.53,0.00013801,0.00013997,0.00013801,122.25793013,235,360,8586.99899999,6796,4875,3601.91507781,1.1850917319886198,2.3139887921903672,0.4629098525614695
2018-02-13T22:26:57.59,0.00014073,0.00014071,0.000139,122.37102848,237,357,8579.0,6793,4884,3601.61826754,1.20732267,2.3139887921903672,0.2734068744614689
2018-02-13T22:27:33.153,0.00014071,0.00014071,0.000139,122.37322441,237,361,8586.0,6796,4882,3600.49537481,1.20813606,2.3790532402857267,0.6297063803881304
2018-02-13T22:28:03,0.00014071,0.00014062,0.00013926,122.46226969,238,362,8580.0,6792,4883,3601.50428664,1.2072918,2.7516207961326757,0.7965694304983026
2018-02-13T22:28:34.427,0.00013926,0.00014071,0.00013926,122.47642784,242,363,8587.0,6794,4882,3601.87613926,1.19582562,2.755256547184388,0.967268689427629
2018-02-13T22:29:08.543,0.00013926,0.00014065,0.00013802,122.54181497,240,366,8586.0,6793,4884,3602.56273427,1.1956863599999998,2.796761491655696,0.8072681466336646
2018-02-13T22:29:39.437,0.00014062,0.0001406,0.00013803,122.5441655,241,365,8587.0,6793,4884,3603.34773055,1.2075039399999998,2.8173690237048707,0.5245168076043979
2018-02-13T22:30:08.223,0.00013801,0.00014054,0.00013801,122.76054734,239,366,8586.0,6791,4886,3604.05592308,1.1849538599999998,2.760944938541638,1.043327212774932
2018-02-13T22:31:11.117,0.00013735,0.0001406,0.00013735,123.48515088,239,366,8582.0,6793,4882,3601.98222846,1.1787377,2.007302055070541,0.7723227157593857
2018-02-13T22:31:42.163,0.00013799,0.00013796,0.00013726,123.49594135,239,369,8582.0,6792,4882,3602.16228397,1.18423018,2.061079511113495,0.6653483111295342
2018-02-13T22:32:13.153,0.00013711,0.00013711,0.0001371,124.02990079,238,371,8582.0,6800,4878,3602.53909895,1.17667802,1.0079337955488943,1.688770941270569
2018-02-13T22:32:42.19,0.0001371,0.00013726,0.0001371,125.20914158,238,371,8580.0,6802,4880,3602.7736949,1.176318,0.8659956196922263,1.6836553457860683
2018-02-13T22:33:16.823,0.0001371,0.00013673,0.00013613,125.52150706,237,368,8551.01000001,6793,4881,3603.00339328,1.172343471001371,1.353408586461411,2.8181635654405106
2018-02-13T22:33:47.373,0.00013613,0.00013601,0.000136,125.5657164,233,373,8551.01,6795,4881,3602.8602289,1.1640489913,2.187279474486611,2.9544940101616604
2018-02-13T22:34:17.907,0.000135,0.00013462,0.00013426,126.24673792,225,373,8551.01,6785,4883,3603.55563807,1.15438635,2.217240591120908,3.043290993120322
2018-02-13T22:34:48.89,0.00013426,0.00013426,0.00013126,126.8257146,229,370,8551.01,6786,4883,3604.18876776,1.1480586026000001,2.336392819512451,2.8360351163146076
2018-02-13T22:35:21.923,0.00013426,0.0001361,0.00013426,127.27117718,232,372,8551.00999999,6785,4886,3604.1174146,1.1480586025986574,2.254850692177893,2.858542242460334
2018-02-13T22:35:53.197,0.00013426,0.00013602,0.00013426,127.66946064,233,370,8551.00999999,6785,4884,3604.56766025,1.1480586025986574,2.2292547586997378,0.247538269569688
2018-02-13T22:36:22.843,0.00013602,0.00013542,0.00013439,127.74938413,238,375,8550.99999999,6786,4884,3604.34390023,1.1631070199986395,2.03691202939355,0.6630537071758452
2018-02-13T22:36:52.66,0.00013439,0.00013542,0.00013439,127.75045925,242,376,8530.00000007,6776,4885,3605.53910327,1.1463467000094072,2.0298663731435256,0.6630455191270392
2018-02-13T22:37:26.01,0.00013439,0.0001355,0.00013439,128.07651654,243,377,8537.99999999,6774,4885,3609.62807854,1.147421819998656,1.9944286399539242,0.9403562681705483
2018-02-13T22:37:58.267,0.0001355,0.0001355,0.0001344,128.77633328,240,376,8510.00000007,6755,4888,3612.25264824,1.153105000009485,1.9317469869487742,1.0063201538710227
2018-02-13T22:38:31.51,0.00013685,0.00013675,0.00013552,128.94448128,245,379,8481.0,6709,4899,3623.90908335,1.16062485,1.9158363798442486,0.8299983841144792
2018-02-13T22:39:05.9,0.00013656,0.00013705,0.00013656,129.09286455,246,382,8500.0,6718,4891,3634.39540649,1.16076,1.7922457911206178,1.3872779846402785
2018-02-13T22:39:38.53,0.00013656,0.00013656,0.00013558,130.93800231,228,382,8500.0,6718,4895,3635.08511973,1.16076,0.9139060718942025,1.5775342966638628
2018-02-13T22:40:09.3,0.00013656,0.00013656,0.0001305,131.33171147,234,383,8500.0,6714,4896,3638.22055976,1.16076,1.0215970084776183,1.3660222491399403
2018-02-13T22:40:41.763,0.00013422,0.00013422,0.00013256,131.33842247,236,386,8500.0,6718,4898,3640.80901305,1.14087,1.9946724681365062,1.5976648205386808
2018-02-13T22:41:40.61,0.00013422,0.00013656,0.0001345,131.66939039,238,388,8506.99999999,6721,4892,3639.3150182,1.1418095399986576,1.3630812742153373,1.4906330889010717
2018-02-13T22:42:13.643,0.00013704,0.00013704,0.00013522,131.69385675,244,386,8506.99999999,6723,4894,3636.84163145,1.1657992799986294,1.853439603551918,1.5573119546648218
2018-02-13T22:42:44.603,0.0001355,0.00013704,0.0001355,132.13938073,242,385,8499.03,6723,4889,3637.83722248,1.151618565,6.439373593385339,1.338253315715247
2018-02-13T22:43:15.983,0.00013704,0.00013999,0.0001356,132.23499336,238,383,8527.75698271,6732,4888,3637.92167444,1.1686438169105784,6.2940855096874815,0.8662599197556129
2018-02-13T22:43:46.47,0.0001401,0.000141,0.00014072,133.72283374,245,375,8500.0,6735,4890,3637.93274393,1.19085,5.636714331869636,2.922080348612432
2018-02-13T22:44:17.57,0.000141,0.000141,0.00014072,134.04126164,245,377,8549.0,6730,4886,3636.07024917,1.2054090000000002,5.263120423821382,2.768093657385759
2018-02-13T22:44:49.053,0.0001402,0.00014022,0.00013799,134.13035166,247,379,8549.0,6730,4886,3636.07024917,1.1985698,6.641108425937009,1.9225033046557858
2018-02-13T22:45:19.23,0.0001402,0.0001402,0.00013799,134.14126678,247,381,8549.0,6730,4886,3636.07024917,1.1985698,7.8720242455583485,1.5194390903870312
2018-02-13T22:45:53.543,0.0001402,0.0001425,0.00014073,134.26114487,241,375,8501.10000001,6737,4891,3633.59692106,1.191854220001402,7.719919638537476,3.622905673253976
2018-02-13T22:46:23.733,0.0001422,0.00014098,0.00014073,134.38815834,250,378,8501.10000001,6737,4891,3633.59692106,1.2088564200014218,7.652243679296652,2.6617066956903184
2018-02-13T22:46:55.85,0.00014098,0.00014098,0.00014001,134.86941342,249,381,8511.0,6732,4892,3633.5441898,1.19988078,8.018426611603596,0.6940737323430167
2018-02-13T22:47:25.043,0.00014098,0.0001416,0.00014098,134.87915057,250,382,8505.1,6731,4893,3633.54245699,1.199048998,7.395968155512605,1.1305227368813688
2018-02-13T22:47:56.91,0.00014098,0.00014096,0.0001401,134.98447272,250,381,8505.10000002,6733,4893,3632.84648774,1.1990489980028196,7.269341521746354,1.5695132633829645
2018-02-13T22:48:29.603,0.00013989,0.000139,0.00013611,136.74073298,250,386,8505.10000006,6733,4890,3632.1840563,1.1897784390083932,5.769174622802065,0.5703603408615059
2018-02-13T22:49:00.23,0.000138,0.00013988,0.000138,136.76032477,248,391,8537.00000002,6733,4889,3632.1732284,1.17810600000276,5.792214825457944,0.6741579507962226
2018-02-13T22:49:31.67,0.00013621,0.00013988,0.000138,137.04656479,249,392,8536.00000002,6730,4893,3632.25068854,1.1626885600027241,6.145334409907759,0.7305695526414245
2018-02-13T22:50:03.587,0.00013644,0.00013979,0.00013621,137.28456053,250,394,8536.00000002,6729,4891,3632.97059954,1.1646518400027286,1.0003213737605634,0.9375272398345379
2018-02-13T22:50:36.173,0.00013899,0.00013899,0.00013701,137.36806898,250,398,8537.00000002,6733,4894,3633.72234764,1.1865576300027798,3.8974910361727715,1.0085623995075919
2018-02-13T22:51:07.753,0.00013999,0.000142,0.00013982,137.68954543,255,399,8540.0,6733,4893,3633.53505876,1.1955145999999999,3.430797232922573,1.1450410216896698
2018-02-13T22:52:11.323,0.00014002,0.00014002,0.00013703,138.18468469,257,406,8584.99999969,6733,4906,3633.39483691,1.202071699956594,1.326045923008912,1.1509442434687138
2018-02-13T22:52:44.15,0.0001438,0.00014399,0.0001438,142.25104739,260,391,8560.0,6734,4905,3632.95306967,1.230928,1.8133910647587008,4.62997074496308
2018-02-13T22:53:15.55,0.0001438,0.0001438,0.00014201,142.5263647,265,394,8577.00000002,6734,4905,3632.83829082,1.233372600002876,1.642508800393585,4.296199590937789
2018-02-13T22:53:45.63,0.000142,0.00014186,0.00013967,142.64116233,269,394,8577.00000002,6730,4906,3632.27895588,1.21793400000284,1.7137036725022332,0.9060137708238978
2018-02-13T22:54:15.307,0.00013967,0.00014023,0.00014012,142.98742437,268,393,8580.0,6731,4911,3631.40719491,1.1983686,1.6310886002954805,2.1557610054787157
2018-02-13T22:54:47.373,0.00014201,0.00014369,0.00014201,143.09316503,271,392,8580.0,6731,4911,3631.40719491,1.2184458,1.5213092386023719,0.8335482948867053
2018-02-13T22:55:20.097,0.0001438,0.000143,0.00014033,144.56210544,269,396,8549.00000001,6735,4912,3622.25754396,1.2293462000014381,0.94353221584489,0.35199931383306227
2018-02-13T22:55:53.67,0.000143,0.00014369,0.00014291,144.61431781,275,394,8572.00000002,6735,4915,3617.96381555,1.22579600000286,0.43987004028526594,2.2184211117206147
2018-02-13T22:56:26.367,0.00014371,0.0001438,0.00014371,144.8240833,272,396,8572.00000002,6735,4915,3617.96381555,1.231882120002874,0.5281235299840595,2.632160816351993
2018-02-13T22:56:58.03,0.000141,0.00014338,0.000141,145.05998934,274,401,8568.0,6739,4915,3580.75412364,1.208088,0.9926476182331334,0.8726284721725843
2018-02-13T22:57:27.5,0.00014338,0.00014268,0.0001415,145.06961229,278,405,8566.99999998,6739,4917,3575.52011986,1.2283364599971325,1.0267848245849196,0.889965576207886
2018-02-13T22:57:59.297,0.00014248,0.00014347,0.00014155,145.11347468,275,400,8566.99999998,6739,4917,3575.52011986,1.2206261599971504,0.8585589944094634,2.7007021794341606
2018-02-13T22:58:30.52,0.000141,0.00014347,0.000141,145.52231688,271,398,8551.0,6740,4920,3574.38264259,1.205691,1.1199083142428155,2.27246282033921
2018-02-13T22:59:02.223,0.000141,0.000141,0.00014023,145.87712711,268,404,8550.0,6739,4920,3574.09843763,1.2055500000000001,0.9241323969399744,2.771740927418882
2018-02-13T22:59:38.89,0.000141,0.00014286,0.000141,146.1101061,268,406,8566.99999998,6741,4919,3571.01978752,1.2079469999971801,2.7137641284325476,0.8057965039534555
2018-02-13T23:00:08.423,0.000141,0.00014253,0.000141,147.07954386,268,403,8550.00000001,6745,4917,3568.88549374,1.2055500000014103,2.846635118432757,1.4814750761181148
2018-02-13T23:00:43.173,0.000141,0.00014244,0.00014104,147.07954386,268,403,8566.99999998,6744,4912,3569.24007389,1.2079469999971801,2.994459128966779,1.5223054721418947
2018-02-13T23:01:15.097,0.000141,0.0001424,0.0001411,147.07954386,268,403,8560.0,6746,4910,3569.19073165,1.20696,2.8064332057583243,1.4092744196277518
2018-02-13T23:01:44.817,0.00014255,0.00014255,0.00014239,147.28772276,276,402,8565.99999998,6750,4909,3568.56468075,1.221083299997149,6.314072760057552,4.44741355402624
2018-02-13T23:02:38.01,0.00014336,0.00014256,0.00014113,150.81247952,273,390,8572.00000002,6750,4910,3567.52620452,1.2288819200028673,0.7422834758552666,3.921867802622248
2018-02-13T23:03:11.87,0.00014256,0.00014256,0.00014113,150.95974637,275,393,8565.99999998,6748,4910,3568.08964652,1.2211689599971487,0.7064463103118408,4.135428410495086
2018-02-13T23:03:32.697,0.00014256,0.00014336,0.00014256,150.982003,279,395,8565.0,6751,4912,3567.77970198,1.2210264,0.8817609579059784,4.027616383916028
2018-02-13T23:04:15.62,0.000144,0.0001449,0.000144,151.89623674,281,394,8564.99999996,6749,4918,3566.83420496,1.2333599999942402,2.2313350493594277,4.035772912160819
2018-02-13T23:04:45.92,0.00014256,0.00014399,0.00014218,154.69227323,282,396,8558.39999998,6745,4921,3562.68574813,1.2200855039971488,1.0235648942426194,3.828905939162426
2018-02-13T23:05:16.137,0.00014399,0.00014399,0.000143,154.98136533,286,398,8540.0,6746,4921,3561.15159187,1.2296746,0.7484318980593985,3.539813810836363
2018-02-13T23:05:50.857,0.00014397,0.00014397,0.000143,154.98423743,280,395,8510.06000012,6744,4924,3562.10180371,1.2251933382172764,0.6817519506054086,3.3467959686536424
2018-02-13T23:06:23.61,0.00014397,0.00014396,0.000143,154.99347934,283,399,8535.99999997,6745,4925,3555.51984703,1.2289279199956809,0.6676278693048815,3.443387672465169
2018-02-13T23:06:48.063,0.00014396,0.00014396,0.000143,154.99785042,284,397,8535.79999997,6748,4922,3549.20014713,1.2288137679956812,0.49670656350426146,3.353273135588557
2018-02-13T23:07:24.05,0.000143,0.000143,0.0001425,155.02049792,279,401,8535.79999997,6748,4922,3549.20014713,1.2206193999957102,0.6108321191603698,2.4549705902823433
2018-02-13T23:07:53.173,0.000141,0.000141,0.00014025,155.60635032,268,406,8522.59999997,6752,4922,3546.99763351,1.20168659999577,2.246139968422027,1.6210191455976632
2018-02-13T23:08:26.83,0.000141,0.00014099,0.00014025,155.60635032,268,406,8524.6,6752,4925,3514.5627186,1.2019686,0.9385199743604018,1.3505532728788805
2018-02-13T23:08:59.527,0.00014,0.00014,0.00013967,156.2775794,270,406,8537.0,6750,4924,3514.34836237,1.19518,3.005888162926998,0.7828455320629257
2018-02-13T23:09:32.65,0.000143,0.0001435,0.000143,156.95451073,269,398,8524.6,6750,4926,3511.76914014,1.2190178,0.9247009139870012,3.2440989893120924
2018-02-13T23:10:05.137,0.0001435,0.00014389,0.0001435,157.31300289,270,400,8523.0,6749,4926,3511.55677418,1.2230504999999998,0.9194609626630085,4.066918677512763
2018-02-13T23:10:36.863,0.00014389,0.00014399,0.0001435,157.52440661,269,397,8523.0,6750,4928,3506.80390287,1.22637447,0.9956533259986239,3.5168147021760587
2018-02-13T23:11:07.23,0.00014389,0.00014389,0.000143,158.13350807,266,398,8523.0,6752,4926,3505.13021488,1.22637447,0.6253028853146334,3.512040941581655
2018-02-13T23:11:42.437,0.00014389,0.00014396,0.00014389,158.35375813,268,397,8522.99999999,6755,4925,3504.14052629,1.226374469998561,0.5123822855880324,3.4845357126383316
2018-02-13T23:12:13.733,0.00014389,0.00014388,0.000143,158.68999638,270,396,8516.35758338,6753,4930,3500.8933701,1.2254186926725483,0.5847374525569443,3.481763736562228
2018-02-13T23:13:10.193,0.00014389,0.000144,0.00014389,158.80427011,280,395,8522.99999998,6756,4931,3500.383448,1.2263744699971222,2.4743541128925046,4.289864852333874
2018-02-13T23:13:44.773,0.000144,0.00014597,0.00014389,160.40985856,280,392,8523.0,6759,4929,3500.86335767,1.227312,5.225387445450886,4.906083596534523
2018-02-13T23:14:17.353,0.00014597,0.00014587,0.00014515,160.72446247,285,397,8513.0,6756,4929,3498.80310058,1.2426426099999999,5.9138989001541695,3.644799524128243
2018-02-13T23:14:45.657,0.00014585,0.0001458,0.00014406,162.83505457,284,398,8513.0,6756,4929,3498.80310058,1.24162105,6.031995902697738,3.7505978484144764
2018-02-13T23:15:19.503,0.00014389,0.0001458,0.0001439,164.20705884,279,400,8523.0,6754,4931,3470.71847932,1.22637447,3.97532468877163,3.3921541183032256
2018-02-13T23:15:52.603,0.00014394,0.00014598,0.00014395,165.53455524,284,397,8523.0,6755,4932,3469.61022001,1.2268006200000001,5.0309340139741145,4.930292709790364
2018-02-13T23:16:23.447,0.00014595,0.00014599,0.00014598,168.69886824,277,398,8513.0,6753,4936,3470.50365888,1.24247235,3.4093440355383478,4.429191388008515
2018-02-13T23:16:58.857,0.00014599,0.00014599,0.00014403,169.7120616,282,396,8506.99999999,6750,4933,3468.01887771,1.24193692999854,3.617460260080393,4.408033637046858
2018-02-13T23:17:31.83,0.00014596,0.00014598,0.00014412,170.90017288,282,400,8500.0,6748,4928,3463.85655768,1.2406599999999999,3.5924363829854133,4.309615046975209
2018-02-13T23:18:03.353,0.00014598,0.00014598,0.00014411,171.78097273,281,402,8500.0,6749,4931,3463.94632751,1.24083,3.5335073665123646,4.288403237170005
2018-02-13T23:18:35.31,0.00014598,0.00014598,0.00014416,172.16391384,285,402,8500.0,6754,4932,3462.02802434,1.24083,2.935625585910694,4.338611175515037
2018-02-13T23:19:08.327,0.000145,0.00014418,0.00014412,172.58674045,281,400,8482.00000006,6752,4932,3462.07818817,1.2298900000086999,1.594602720394486,4.926170146988445
2018-02-13T23:19:39.267,0.00014388,0.00014627,0.00014599,174.11378477,271,403,8482.00000002,6754,4930,3458.3100384,1.2203901600028777,1.4423860834424502,4.833992881809983
2018-02-13T23:20:16.303,0.00014599,0.0001458,0.00014412,175.92097716,276,408,8500.0,6756,4927,3453.46934126,1.240915,1.5036356127900408,4.74258800700362
2018-02-13T23:20:54.4,0.0001458,0.00014629,0.00014418,178.14197923,284,410,8500.0,6760,4927,3449.87033292,1.2392999999999998,0.36458210733536583,5.0705909562714995
2018-02-13T23:21:27.12,0.0001464,0.0001464,0.00014629,185.11195018,287,411,8510.0,6757,4926,3444.41134123,1.245864,1.3305377746527094,5.082800702501115
2018-02-13T23:21:54.203,0.00014599,0.00014578,0.0001445,186.13157459,286,416,8510.0,6757,4926,3444.41134123,1.2423749,0.4914882609258336,4.184067596806287
2018-02-13T23:22:30.93,0.00014744,0.00014743,0.00014419,187.82314624,287,410,8502.85199997,6764,4930,3439.01946259,1.2536604988755768,0.8681228741441211,5.336362077534316
2018-02-13T23:23:06.127,0.00014744,0.00014745,0.00014744,190.96436984,278,416,8500.0,6763,4936,3439.53304887,1.2532400000000001,2.7894217222010727,4.4405308562715
2018-02-13T23:23:42.887,0.00014744,0.0001474,0.00014195,193.43404584,283,416,8499.99999999,6768,4933,3439.23678102,1.2532399999985255,0.9751945589600906,4.472370165354594
2018-02-13T23:24:14.733,0.00014737,0.00014709,0.00014562,194.12942264,285,418,8500.0,6768,4926,3440.2605562,1.252645,0.8820521653246377,1.5884174397376722
2018-02-13T23:24:47.473,0.00014676,0.00014676,0.00014562,194.15055561,283,422,8502.85199997,6765,4929,3440.09839878,1.2478785595155972,0.8134701153672061,1.4512433107468192
2018-02-13T23:25:19.05,0.00014676,0.000147,0.00014676,194.2884439,286,421,8502.85199997,6770,4923,3439.86279935,1.2478785595155972,0.6815822125544501,1.45442187052796
2018-02-13T23:25:51.003,0.000147,0.00014746,0.000147,194.79978539,289,414,8482.00000001,6771,4922,3442.53280013,1.24685400000147,0.7357779650893785,4.465057663491238
2018-02-13T23:26:27.753,0.000147,0.00014746,0.000147,195.28702893,289,414,8502.85199997,6765,4928,3442.26518352,1.24991924399559,0.56436421252817,3.879365487003741
2018-02-13T23:26:59.27,0.00014746,0.00014746,0.00014701,195.40861476,289,414,8481.00000001,6766,4923,3440.50896691,1.2506082600014747,0.7221880545857071,4.613055165428107
2018-02-13T23:27:30.51,0.00014302,0.00014746,0.000147,195.92445185,275,415,8502.85199997,6761,4925,3440.58360565,1.2160778930357095,0.5599896159417662,4.748142795239953
2018-02-13T23:28:02.89,0.000147,0.000147,0.0001436,196.07099563,285,420,8481.0,6760,4924,3448.48103288,1.246707,0.801694455382759,3.763163913970045
2018-02-13T23:28:33.343,0.000147,0.00014699,0.0001444,196.07099563,285,420,8502.85199997,6762,4929,3448.35775784,1.24991924399559,0.6310883888548869,3.7935715202186664
2018-02-13T23:29:18.14,0.00014697,0.00014699,0.00014445,196.17277666,287,422,8502.85199997,6766,4933,3448.16590415,1.249664158435591,0.4515324378604708,3.626490322003998
2018-02-13T23:29:57.423,0.00014697,0.00014689,0.0001445,196.17277666,287,422,8502.85199997,6766,4929,3445.9931549,1.249664158435591,0.29345654113421166,2.706242456518292
2018-02-13T23:30:28.85,0.00014451,0.0001464,0.00014455,196.18000216,289,428,8502.85199997,6767,4931,3446.06068684,1.2287471425156649,0.1626049446020877,3.0251001592641247
2018-02-13T23:30:57.303,0.00014451,0.00014639,0.00014459,196.18000216,289,428,8518.99999999,6768,4934,3443.99080197,1.231080689998555,0.2973905930959957,2.0146055560434597
2018-02-13T23:31:41.4,0.00014458,0.00014639,0.00014458,196.18304006,293,430,8518.99999999,6767,4934,3444.11053776,1.231677019998554,0.35688215795162925,2.0146055560434597
2018-02-13T23:32:10.98,0.00014458,0.00014639,0.000145,196.18304006,293,430,8519.99999998,6769,4935,3443.93703738,1.2318215999971085,0.2947076718823144,2.0146055560434597
2018-02-13T23:32:43.62,0.0001448,0.000145,0.0001448,196.24200795,297,429,8519.0,6772,4935,3444.168297,1.2335512,0.31225905876579235,1.7436172504746317
2018-02-13T23:33:15.107,0.0001448,0.0001448,0.0001447,196.54304599,297,430,8519.99999998,6773,4936,3443.85856818,1.233695999997104,0.26857941195705354,1.7688907182751215
2018-02-13T23:34:17.66,0.00014254,0.0001448,0.000143,196.98176086,284,433,8519.99999998,6772,4934,3441.11851383,1.2144407999971492,0.8735620483742992,1.866334004085787
2018-02-13T23:34:51.76,0.0001448,0.000143,0.00014258,197.07246111,287,435,8518.99999999,6770,4935,3440.9112994,1.2335511999985518,0.9899703419022674,0.9809516916371613
2018-02-13T23:35:22.203,0.0001448,0.00014467,0.0001426,197.07246111,287,435,8519.99999998,6768,4930,3440.27772634,1.233695999997104,0.968490423348217,2.014056576245452
2018-02-13T23:35:53.057,0.0001426,0.0001448,0.00014463,197.24397625,288,438,8519.99999998,6770,4929,3440.25714462,1.214951999997148,0.949018916051646,2.099431047023818
2018-02-13T23:36:11.087,0.00014463,0.0001448,0.00014463,197.50100572,289,437,8529.0,6773,4930,3440.05847515,1.23354927,0.8770212504615282,2.3691792313162616
2018-02-13T23:36:54.187,0.0001448,0.0001448,0.00014463,197.54444571,289,436,8519.99999998,6773,4928,3439.51631579,1.233695999997104,0.685571144092471,2.3184812853368615
2018-02-13T23:37:25.64,0.0001448,0.0001448,0.00014463,197.54444571,289,436,8519.99999998,6774,4929,3437.28363346,1.233695999997104,0.7101107349106347,2.3184812853368615
2018-02-13T23:38:04.41,0.0001448,0.0001448,0.00014463,197.64188652,290,439,8519.99999998,6777,4927,3429.97236998,1.233695999997104,0.685571144092471,2.2461175019150135
2018-02-13T23:38:35.713,0.0001448,0.0001448,0.00014265,198.0023592,285,439,8519.99999998,6777,4927,3429.97236998,1.233695999997104,0.8344559951681517,1.8489273899946936
2018-02-13T23:39:05.487,0.0001448,0.00014624,0.00014294,198.05890748,288,439,8519.99999998,6772,4928,3428.25063446,1.233695999997104,0.8308660236809318,1.6452942717232322
2018-02-13T23:39:38.68,0.000143,0.00014619,0.000143,198.41155917,286,440,8519.99999998,6778,4928,3427.96004651,1.2183599999971402,0.8534962000541623,1.887655391344587
2018-02-13T23:40:08.733,0.00014638,0.00014638,0.0001431,198.69561515,290,438,8519.99999998,6775,4926,3428.02959336,1.2471575999970723,0.9301117994677724,1.877952896909775
2018-02-13T23:40:37.72,0.00014619,0.00014619,0.0001436,198.85553926,289,442,8519.99999998,6777,4925,3427.50019969,1.2455387999970764,1.0055896619871691,1.6145181117276977
2018-02-13T23:41:12.377,0.00014599,0.00014599,0.0001437,198.88047486,289,446,8519.99999998,6775,4925,3419.14241359,1.2438347999970802,0.9108495809136464,1.1038878035493043
2018-02-13T23:41:42.707,0.00014589,0.00014588,0.00014376,198.89777287,287,444,8510.06000012,6778,4926,3420.12604766,1.2415326534175068,0.9283896975164712,1.518402469659244
2018-02-13T23:42:13.45,0.00014377,0.00014589,0.00014376,199.01397058,287,447,8540.0,6788,4927,3418.66496468,1.2277958,0.9631341611125401,1.5913645143385566
2018-02-13T23:42:41.077,0.0001437,0.0001437,0.00014363,199.28869938,284,447,8540.0,6784,4926,3418.61535423,1.227198,1.0650543416460434,1.573322772255652
2018-02-13T23:43:13.627,0.0001437,0.000144,0.00014363,199.31623476,285,445,8539.0,6785,4927,3416.64765437,1.2270543,0.9474926929855718,1.2149907407867722
2018-02-13T23:43:44.193,0.000144,0.000144,0.00014371,199.3938245,286,449,8510.66000004,6784,4932,3417.16962397,1.2255350400057599,0.9394615910616155,0.39243680495528127
2018-02-13T23:44:42.14,0.000144,0.00014365,0.000143,199.78214869,282,451,8511.0,6791,4931,3417.7448425,1.225584,1.0662549073507213,0.4486274637054467
2018-02-13T23:45:15.973,0.00014365,0.00014365,0.00014234,200.13885728,277,452,8539.0,6785,4932,3416.84442545,1.22662735,1.601249882459517,0.4964610386349028
2018-02-13T23:45:41.973,0.000144,0.00014398,0.00014234,200.14585311,279,448,8538.0,6782,4934,3416.88674705,1.2294720000000001,1.601249882459517,1.340587608551498
2018-02-13T23:46:17.333,0.0001435,0.000143,0.00014234,200.14642711,279,450,8538.0,6782,4934,3416.88674705,1.2252029999999998,1.5994316294852309,1.4194667126326341
2018-02-13T23:46:48.12,0.00014298,0.000143,0.0001425,200.1486268,281,448,8530.00000002,6779,4936,3398.76054676,1.2196194000028595,1.5873267422741073,1.4194667126326341
2018-02-13T23:47:20.843,0.00014298,0.00014298,0.0001425,200.1486268,281,448,8530.00000002,6785,4938,3397.06617314,1.2196194000028595,1.6393872272923324,1.5090937485649416
2018-02-13T23:47:50.53,0.00014298,0.00014298,0.0001425,200.1486268,281,448,8537.0,6782,4935,3396.32467338,1.22062026,1.6019086839808783,1.5090937485649416
2018-02-13T23:48:18.597,0.0001425,0.000143,0.0001425,200.36944724,286,455,8537.0,6782,4935,3396.32467338,1.2165225,1.5139346352482894,1.3905409246855187
2018-02-13T23:48:49.583,0.0001425,0.00014298,0.0001425,200.36944724,286,455,8537.00000004,6780,4936,3395.44395274,1.2165225000056998,1.5153596352482896,1.387932386314769
2018-02-13T23:49:25.277,0.000143,0.0001425,0.00014234,200.39320264,290,454,8509.66000005,6785,4934,3392.96581884,1.21688138000715,2.4019055343582814,0.8001253147280082
2018-02-13T23:49:53.36,0.00014234,0.00014224,0.0001417,200.65102031,285,457,8539.0,6784,4932,3393.27846131,1.21544126,2.4019055343582814,1.590392647940652
2018-02-13T23:50:26.787,0.00014224,0.00014223,0.000142,200.8665262,286,459,8559.0,6785,4927,3392.39182108,1.21743216,1.3561919003384413,1.3211314664658285
2018-02-13T23:51:00.433,0.000142,0.000142,0.0001417,200.96912717,287,460,8559.0,6785,4927,3392.39182108,1.215378,2.4048744584088215,1.2341602775216656
2018-02-13T23:51:23.967,0.000142,0.00014194,0.0001417,200.96912717,287,460,8550.00000004,6790,4927,3393.06385402,1.21410000000568,1.3964114621333112,1.337610489959485
2018-02-13T23:52:05.49,0.00014162,0.00014162,0.00014134,201.10292806,287,460,8550.0,6793,4927,3391.1532398,1.210851,2.577552111990703,1.2180517693203947
2018-02-13T23:52:33.693,0.00014009,0.00014123,0.00014009,201.67925796,277,460,8550.0,6793,4927,3391.1532398,1.1977695,2.8429643019833764,1.1686604183820832
2018-02-13T23:53:06.09,0.00014012,0.00014123,0.00014012,202.49348318,277,458,8545.0,6787,4927,3386.33495503,1.1973254,2.283122469735105,0.5274473094326236
2018-02-13T23:53:39.873,0.00014122,0.00014122,0.00014011,202.495983,277,459,8545.0,6787,4928,3384.2898856,1.2067249,2.158788534606085,0.6174248813517544
2018-02-13T23:54:15.46,0.00014,0.00014122,0.00014,203.15374416,272,459,8530.0,6788,4931,3383.64321193,1.1942,1.6640919529186813,0.6526062415584122
2018-02-13T23:55:14.797,0.00014,0.00014122,0.00014005,203.65127898,268,457,8520.10000006,6788,4931,3383.33050096,1.1928140000083998,1.1435098528086436,0.4310021304374331
2018-02-13T23:55:48.14,0.00014,0.00014122,0.00014006,203.65127898,268,457,8511.00000006,6781,4932,3385.33174555,1.1915400000083998,1.2394821706832626,0.4071198561743616
2018-02-13T23:56:17.16,0.00014122,0.00014122,0.00014006,203.6617097,271,454,8528.3,6777,4930,3381.48237794,1.204366526,1.2394821706832626,0.39668913051658217
2018-02-13T23:56:53.193,0.000139,0.0001392,0.000139,204.66119584,261,459,8510.0,6770,4934,3384.87385179,1.18289,1.3154430304448397,0.6678701210263914
2018-02-13T23:57:30.417,0.00013872,0.00013872,0.0001384,204.94162696,261,456,8510.0,6770,4934,3384.87385179,1.1805072,2.799620418410373,0.5085003087564017
2018-02-13T23:58:03.16,0.00013844,0.00013892,0.00013853,205.01640396,264,457,8538.12,6772,4937,3379.05048273,1.1820173328,1.1151472489011813,0.5178863540836498
2018-02-13T23:58:33.923,0.00013892,0.00013971,0.00013892,205.39497997,265,457,8534.73,6773,4933,3379.05048273,1.1856446916,1.0235397606263799,0.8132475189202866
2018-02-13T23:59:09.16,0.000138,0.000138,0.0001376,206.12536759,261,460,8556.0,6773,4931,3382.28851477,1.180728,3.007989564523141,0.8474218682933428
2018-02-13T23:59:41.06,0.000138,0.00013859,0.00013801,206.25970064,260,459,8512.00000003,6771,4932,3382.56236705,1.17465600000414,3.136578448309524,0.8231539685724447
2018-02-14T00:00:10.967,0.0001397,0.0001397,0.00013807,206.40831401,264,458,8512.00000005,6774,4932,3382.62118218,1.1891264000069852,3.3303102987835915,0.8119331108135933
2018-02-14T00:00:41.82,0.000138,0.0001397,0.000138,206.86201567,261,462,8512.00000005,6774,4927,3381.97075398,1.1746560000069,2.9008929102132024,1.2747146431308032
2018-02-14T00:01:12.723,0.000138,0.0001397,0.000138,206.86201567,261,462,8549.99999998,6775,4929,3383.1910149,1.17989999999724,2.9008929102132024,1.293449468486266
2018-02-14T00:01:45.743,0.0001397,0.0001397,0.000138,206.88668643,261,465,8549.99999999,6786,4933,3383.1724235,1.194434999998603,2.881151075899383,1.246421286727847
2018-02-14T00:02:23.277,0.00013952,0.00013952,0.000138,206.92644596,263,470,8561.99999999,6779,4929,3384.3374235,1.1945702399986047,2.9296206682241728,1.413197168311977
2018-02-14T00:02:55.377,0.00013952,0.00013952,0.000138,206.92644596,263,470,8561.99999999,6779,4929,3384.3374235,1.1945702399986047,2.9251313283353357,1.399819554887377
2018-02-14T00:03:25.113,0.00013952,0.00013949,0.00013802,207.13563633,266,469,8561.99999999,6778,4931,3382.41871607,1.1945702399986047,2.845249840515977,1.4201905318077894
2018-02-14T00:03:57.867,0.00013952,0.00013949,0.00013803,207.13563633,266,469,8561.99999999,6778,4931,3382.41871607,1.1945702399986047,1.7299978387494286,1.4356301549729895
2018-02-14T00:04:23.097,0.00013803,0.00013949,0.00013852,207.2208272,267,467,8562.0,6779,4935,3381.70452031,1.18181286,0.9302742064556856,1.2658185888058164
2018-02-14T00:04:53.607,0.00013949,0.00013949,0.00013852,207.22260325,268,468,8525.0,6778,4934,3381.90519059,1.18915225,0.9343524453056805,1.4182357315223133
2018-02-14T00:05:43.16,0.00013949,0.00013949,0.00013853,207.30178846,269,468,8525.0,6778,4934,3381.90519059,1.18915225,1.0595009887225402,1.6480659774053317
2018-02-14T00:06:17.39,0.00013734,0.00013945,0.00013734,208.37453898,258,471,8562.0,6782,4940,3378.74431694,1.1759050800000002,3.1586470241368074,1.353988272097357
2018-02-14T00:06:56.783,0.00013735,0.00013928,0.00013737,208.4162015,261,471,8561.99999999,6781,4941,3377.76593593,1.1759906999986265,2.893893524862533,1.68235330375523
2018-02-14T00:07:27.777,0.00013735,0.00013885,0.00013742,208.4162015,261,471,8525.0,6783,4942,3377.32642756,1.17090875,2.624055267153542,1.6857580315405183
2018-02-14T00:07:56.47,0.000138,0.00013799,0.00013743,208.79743941,266,473,8561.99999998,6787,4942,3371.70498413,1.18155599999724,2.62473830548866,1.3279836224032127
2018-02-14T00:08:26.977,0.00013743,0.00013799,0.00013744,208.80215845,267,476,8561.99999998,6793,4941,3373.26588882,1.1766756599972514,2.840849302399027,1.326018295764356
2018-02-14T00:09:00.15,0.00014,0.000142,0.00014001,210.41412582,270,465,8561.99999998,6790,4942,3373.04479613,1.1986799999972,3.012842166354471,1.1470672412272762
2018-02-14T00:09:34.157,0.00014003,0.00014199,0.00014002,210.55647604,267,466,8561.99999998,6791,4940,3373.04374613,1.1989368599971995,1.3083488165762953,1.4835097536574162
2018-02-14T00:10:04.71,0.00014199,0.00014199,0.000141,212.72033051,273,452,8550.0,6791,4942,3372.4999325,1.2140145,1.1765657436480286,1.1226816022327497
2018-02-14T00:10:35.637,0.00014,0.00014199,0.000141,212.74340194,269,455,8550.0,6791,4942,3372.30813351,1.1969999999999998,1.4202686540792464,1.0629322598995912
2018-02-14T00:11:06.673,0.00014199,0.00014,0.00013951,213.04708787,274,456,8562.0,6796,4939,3372.56530818,1.21571838,1.5087133805268544,1.6393490862724667
2018-02-14T00:11:38.42,0.00013952,0.00014198,0.00013958,214.10230515,273,453,8569.0,6799,4936,3371.9489912,1.19554688,1.8556116152953956,0.683995221238453
2018-02-14T00:12:18.503,0.000139,0.00014101,0.00013879,215.33974437,272,457,8575.0,6796,4934,3371.47811244,1.191925,1.1152168973191263,1.196337852304162
2018-02-14T00:12:48.413,0.0001408,0.00014076,0.000139,215.40654758,273,463,8581.09999999,6795,4935,3371.68714066,1.208218879998592,1.1779601708337826,1.2665611051775898
2018-02-14T00:13:15.777,0.00014076,0.00014199,0.000139,215.40951838,271,463,8569.0,6791,4937,3374.12950126,1.20617244,1.0995092443582548,1.5401980408464482
2018-02-14T00:13:54.363,0.00014147,0.00014135,0.00014076,215.46790656,272,466,8569.0,6790,4936,3374.13420656,1.21225643,1.4671818297962167,1.6644292121025364
2018-02-14T00:14:26.35,0.00014149,0.00014199,0.00014147,215.75148756,274,467,8569.0,6787,4931,3373.17108796,1.21242781,1.584710036651788,2.0564594504277314
2018-02-14T00:14:56.543,0.00014199,0.00014199,0.00014147,216.05298756,274,466,8572.0,6794,4928,3373.60573107,1.21713828,1.7822424958643537,1.820922848705025
2018-02-14T00:15:28.25,0.00014147,0.00014199,0.00014147,216.11485605,276,464,8571.8,6794,4929,3373.5199451,1.212652546,2.1763761016149585,1.5178247658688275
2018-02-14T00:16:14.457,0.00014199,0.00014321,0.00014199,216.17932702,277,465,8571.8,6792,4935,3373.67503321,1.2171098819999997,1.8184566203569434,1.8737335673646922
2018-02-14T00:16:44.797,0.00014321,0.00014321,0.00014199,216.37426069,276,465,8569.0,6794,4932,3373.66116411,1.22716649,1.722476785049011,1.629676248555561
2018-02-14T00:17:17.71,0.00014321,0.00014321,0.000142,216.37426069,276,465,8571.8,6791,4930,3370.35154725,1.2275674779999999,1.6156263605992094,1.629676248555561
2018-02-14T00:17:48.95,0.00014321,0.00014321,0.0001425,216.37725943,276,466,8582.00000002,6791,4930,3370.06250216,1.2290282200028642,1.7324812947076478,1.6930073277233468
2018-02-14T00:18:13.113,0.00014321,0.0001442,0.00014321,216.53367964,274,464,8584.99999999,6796,4927,3371.08916311,1.2294578499985678,1.6333998857434255,1.6024249142869724
2018-02-14T00:18:51.787,0.00014453,0.00014451,0.0001442,216.91978878,276,461,8585.99999999,6793,4928,3372.26024862,1.2409345799985545,1.6800860670848674,1.7108056288521902
2018-02-14T00:19:24.117,0.0001442,0.00014451,0.00014321,216.95357238,272,463,8585.99999998,6792,4929,3374.1942928,1.238101199997116,1.62860934145668,1.7136181288529466
2018-02-14T00:19:55.573,0.00014151,0.00014321,0.00014201,217.35284601,271,460,8585.99999997,6794,4931,3374.98400443,1.2150048599957546,1.4658088627055812,1.752218011594494
2018-02-14T00:20:26.517,0.000142,0.00014301,0.000142,217.57317113,274,460,8585.99999997,6794,4931,3375.86466677,1.21921199999574,1.672226980753638,1.8321268756922433
2018-02-14T00:20:55.537,0.00014147,0.00014301,0.00014147,218.38859718,273,461,8585.0,6792,4939,3375.89456029,1.2145199500000001,0.9333049894781212,1.5585185422536851
2018-02-14T00:21:24.897,0.00014301,0.00014301,0.00014147,218.44495734,273,462,8550.01,6787,4940,3375.446096,1.2227369301,0.920858995101685,1.5021583758033683
2018-02-14T00:22:01.963,0.00014147,0.00014301,0.00014147,218.46948204,274,461,8550.0,6786,4939,3375.85068686,1.2095685,0.9049125243409675,1.5200187816782775
2018-02-14T00:22:32.86,0.00014301,0.00014301,0.00014148,218.4765946,278,464,8550.00000001,6790,4942,3374.38526722,1.2227355000014302,0.6233084077909073,1.4512129936602582
2018-02-14T00:23:01.533,0.00014301,0.0001425,0.00014148,218.4765946,278,464,8550.0,6788,4942,3372.01232836,1.2227355,0.6253034077903326,1.6363064936602583
2018-02-14T00:23:41.107,0.00014015,0.00014015,0.0001392,219.0535467,273,470,8550.0,6790,4937,3371.06456657,1.1982825,0.8990045602281964,2.0512331900840373
2018-02-14T00:24:14.143,0.00014015,0.00014015,0.0001392,219.12080276,272,471,8541.6,6787,4945,3371.6827055,1.19710524,0.9042063024865863,2.0067813027560644
2018-02-14T00:24:44.783,0.0001391,0.0001392,0.0001389,219.57149971,271,472,8541.6,6787,4945,3371.6827055,1.18813656,0.7735256006039718,1.4118880607813946
2018-02-14T00:25:18.21,0.0001389,0.0001389,0.00013878,219.58108336,268,472,8541.6,6787,4945,3371.6827055,1.18642824,0.9490053572580038,1.4052218396828347
2018-02-14T00:25:51.433,0.00013878,0.00013878,0.0001381,219.64677895,267,473,8579.39999995,6785,4939,3367.61438851,1.1906491319930608,0.9793717222040877,1.3668987925145135
2018-02-14T00:26:45.363,0.00013878,0.00013878,0.00013846,219.64787548,268,476,8550.0000001,6784,4937,3349.34067578,1.186569000013878,0.79905493448045,1.4792064917853966
2018-02-14T00:27:10.057,0.00013878,0.00013878,0.00013851,219.64787548,268,476,8570.6,6787,4940,3348.90067578,1.189427868,0.6200890302532241,1.4756259286228786
2018-02-14T00:27:48.167,0.00014015,0.00014,0.000139,219.67456204,269,473,8550.1000001,6790,4941,3343.75184043,1.1982965150140148,0.5831654535616745,1.2864539193290236
2018-02-14T00:28:17.313,0.00013766,0.00013999,0.00013767,219.93171252,269,478,8550.1000001,6786,4943,3347.11002962,1.177006766013766,0.8279665605509532,1.2101225222534817
2018-02-14T00:28:50.893,0.0001375,0.00013996,0.0001375,220.39004534,264,480,8568.49999999,6786,4939,3345.01121386,1.1781687499986249,3.1445407531853657,1.305495696683121
2018-02-14T00:29:20.177,0.00013777,0.00013987,0.00013777,220.59665754,268,482,8568.49999999,6785,4939,3346.65232842,1.1804822449986223,2.3614107332406773,1.2691369400572137
2018-02-14T00:29:52.46,0.00013777,0.00013982,0.00013777,220.59665754,268,482,8568.49999999,6785,4939,3347.73296552,1.1804822449986223,1.1999526028556584,1.0556058988482335
2018-02-14T00:30:22.163,0.00014,0.00014015,0.00014,221.05693275,277,480,8569.0,6782,4939,3350.27372427,1.19966,4.043071181436349,1.0662893216132903
2018-02-14T00:30:49.327,0.00014015,0.00014014,0.00014,221.13094445,275,484,8569.0,6783,4942,3349.84658678,1.20094535,4.122639679984583,0.7164166560789763
2018-02-14T00:31:26.017,0.00014015,0.00014015,0.00014014,221.1693962,278,486,8569.0,6784,4938,3349.03342829,1.20094535,3.805435895916242,0.7080166560803143
2018-02-14T00:31:55.167,0.00014161,0.00014161,0.00014025,221.49591341,279,486,8569.0,6784,4938,3349.03342829,1.21345609,3.8243551798577564,0.671093528193826
2018-02-14T00:32:30.887,0.000141,0.00014081,0.00014028,221.81497478,277,486,8570.00000001,6789,4938,3348.91064349,1.2083700000014101,3.8723571169327453,0.3885794890230392
2018-02-14T00:33:01.47,0.00014099,0.00014098,0.00014028,221.81862804,279,490,8570.00000001,6789,4940,3348.77343557,1.2082843000014099,3.5626235753167257,2.1432135141350077
2018-02-14T00:33:31.1,0.00014014,0.00014098,0.00014014,222.5943719,273,491,8551.0,6789,4941,3347.6150332,1.19833714,0.8169693222687331,2.2961637706421594
2018-02-14T00:34:10.14,0.00014,0.0001401,0.00014,222.75143379,273,490,8560.0,6793,4939,3346.09897362,1.1984,3.18682601582097,2.132462714321852
2018-02-14T00:34:40.567,0.00014,0.00014098,0.00014,223.57043182,271,490,8560.0,6794,4940,3346.41142285,1.1984,2.8294366647528113,0.6240303967036502
2018-02-14T00:35:12.507,0.00014,0.00013992,0.00013779,223.60175449,274,491,8551.0,6793,4941,3346.85049395,1.1971399999999999,2.7799314796372765,2.103394737918584
2018-02-14T00:35:41.613,0.00013996,0.00013974,0.00013779,225.09758288,273,492,8560.0,6790,4943,3348.03439395,1.1980576,2.7799314796372765,2.113870382726976
2018-02-14T00:36:10.18,0.00013996,0.00013965,0.000138,225.09758288,273,492,8560.0,6791,4944,3346.30231856,1.1980576,2.9584952849852053,0.672246864667661
2018-02-14T00:37:14.17,0.00013996,0.00013994,0.00013805,225.68562147,276,494,8562.0,6791,4943,3346.08002203,1.1983375200000002,0.9123143407092982,2.004853738142585
2018-02-14T00:37:45.467,0.00013777,0.00013991,0.00013658,226.37642423,272,495,8579.39999995,6791,4943,3350.12658,1.1819839379931114,4.419906732211213,2.0499694739142176
2018-02-14T00:38:19.333,0.00013809,0.00013809,0.00013808,226.86122354,268,496,8578.39999995,6796,4944,3355.54224192,1.1845912559930953,2.565465528423569,1.9847332545536611
2018-02-14T00:38:48.717,0.00013808,0.00013809,0.00013808,228.63290282,269,495,8585.96,6797,4933,3357.70782525,1.1855493568,2.7080660031623616,0.2715243603875614
2018-02-14T00:39:19.547,0.00013808,0.00013809,0.00013808,228.63680918,268,497,8600.0,6798,4924,3358.73719758,1.187488,2.4914348562268964,0.27667612744489994
2018-02-14T00:39:55.193,0.00013983,0.00013976,0.00013812,228.7014678,275,499,8600.0,6801,4922,3365.80348674,1.2025379999999999,2.600556812436617,0.10812697415257237
2018-02-14T00:40:25.663,0.00013823,0.00013976,0.00013827,228.82714831,276,496,8626.96183359,6800,4921,3365.78989219,1.1925049342571457,1.6881973380989885,0.16128844837324183
2018-02-14T00:41:00.01,0.00013823,0.00013976,0.00013834,228.82714831,276,496,8632.59999999,6800,4926,3365.73737686,1.1932842979986178,1.7969892710895166,0.5209526907227706
2018-02-14T00:41:29.997,0.00013809,0.00013818,0.00013809,229.24419919,275,502,8630.99999999,6790,4922,3365.2044366,1.191854789998619,1.761659667741941,0.3230120270440065
2018-02-14T00:42:01.843,0.00013809,0.00013821,0.00013809,229.25178824,275,500,8607.42,6796,4926,3365.25254822,1.1885986278,1.8125467399716966,0.43712607757387345
2018-02-14T00:42:43.113,0.00013809,0.00013821,0.0001381,229.74558994,275,497,8621.59999999,6791,4926,3365.69934972,1.190556743998619,2.4834455658772145,0.4537517673900504
2018-02-14T00:43:11.99,0.00013821,0.00013821,0.0001382,229.74956254,278,496,8618.39999998,6792,4926,3365.62521938,1.1911490639972357,2.5039918754663595,0.4807078088916552
2018-02-14T00:43:42.91,0.00013821,0.00013968,0.0001382,229.78808473,277,495,8610.0,6793,4926,3366.46830422,1.1899880999999999,2.5039918754663595,0.45717553828981555
2018-02-14T00:44:16.71,0.00013821,0.00013968,0.00013821,229.78808473,277,495,8632.59999999,6795,4921,3370.87162562,1.1931116459986177,2.541943279166389,0.4396783812563595
2018-02-14T00:44:48.963,0.00013823,0.00014088,0.00014,229.83721028,281,497,8609.8,6797,4925,3370.97947795,1.190132654,3.1419799568383766,0.4562407211340903
2018-02-14T00:45:19.873,0.00014,0.00014086,0.00014,229.88105304,281,492,8610.0,6796,4924,3370.98667298,1.2053999999999998,3.0258203511003385,0.5534167922416463
2018-02-14T00:45:47.577,0.00014144,0.0001415,0.00014,230.01125134,278,489,8610.0,6795,4927,3370.77397324,1.2177984,2.899531506664785,0.39286260082504865
2018-02-14T00:46:28.407,0.00014164,0.00014169,0.00014164,230.23092987,286,487,8632.59999998,6794,4919,3370.49287522,1.2227214639971673,2.68471984095371,0.29455231515754654
2018-02-14T00:47:01.067,0.0001415,0.00014164,0.0001415,230.50002777,284,487,8632.29999998,6800,4927,3370.86294925,1.2214704499971698,2.855150610639331,0.43127301780955196
2018-02-14T00:47:48.24,0.0001415,0.00014164,0.0001415,230.62239658,285,486,8632.29999998,6793,4924,3370.88580783,1.2214704499971698,2.7672797008131913,0.35454770313503603
2018-02-14T00:48:20.183,0.00014164,0.00014164,0.0001415,230.66586168,286,487,8632.59999999,6793,4921,3369.96197569,1.2227214639985835,2.469077560949609,0.31812006048486396
2018-02-14T00:48:51.83,0.00014144,0.0001415,0.00014144,230.92747531,278,489,8616.69999997,6794,4925,3361.97909934,1.2187460479957568,2.2740434129618823,0.46479592613232135
2018-02-14T00:49:17.853,0.0001415,0.00014164,0.0001415,230.94864353,275,487,8617.0,6792,4925,3361.5331458,1.2193055,2.7567064427903127,0.2924394329590235
2018-02-14T00:49:53.377,0.0001415,0.00014164,0.0001415,230.94864353,275,487,8617.0,6794,4922,3361.87285521,1.2193055,3.6773822945154166,0.2924394329590235
2018-02-14T00:50:24.547,0.00014164,0.00014164,0.0001415,230.96129597,280,486,8617.0,6794,4924,3361.91565075,1.22051188,3.3413521349408395,0.5139643496329673
2018-02-14T00:50:51.163,0.00014144,0.00014142,0.00014001,231.38213721,276,488,8617.0,6794,4924,3360.80889886,1.21878848,3.6708164019509764,0.4922760601016006
2018-02-14T00:51:24.29,0.00014,0.00014164,0.00014,231.38590972,275,486,8604.9,6791,4926,3360.00375311,1.204686,3.9096618697856265,0.4916197828956701
2018-02-14T00:51:56.45,0.00014164,0.00014164,0.00014,231.44629141,274,486,8617.0,6793,4922,3360.5464259,1.22051188,3.7468807672853486,0.40796097953222016
2018-02-14T00:52:29.513,0.00014164,0.00014164,0.00014,231.53543714,275,487,8617.0,6794,4922,3359.15741445,1.22051188,3.487258546966434,0.5318863163233388
2018-02-14T00:52:54.657,0.00014164,0.00014164,0.00014,231.5359707,276,490,8617.0,6792,4925,3359.15981763,1.22051188,3.4872585469654345,0.43906727549872054
2018-02-14T00:53:29.25,0.00014164,0.00014164,0.00014,231.6285116,277,492,8617.0,6791,4927,3356.73416434,1.22051188,3.5774249360753023,0.4388118410544673
2018-02-14T00:53:55.827,0.00014164,0.00014209,0.00014164,231.7226698,277,490,8617.0,6791,4926,3357.13505193,1.22051188,3.623658452913403,0.48217218236259207
2018-02-14T00:54:28.123,0.00014208,0.00014208,0.00014,232.04528335,278,492,8617.0,6797,4929,3357.8818901,1.22430336,3.6396782630134035,0.5975429534448673
2018-02-14T00:55:04.223,0.00014,0.00014,0.00013848,232.36093144,276,494,8617.0,6793,4927,3358.14944938,1.2063799999999998,3.1640770913853475,0.6016064763318736
2018-02-14T00:55:31.31,0.00014,0.00014208,0.00014,232.49120876,277,493,8617.0,6793,4927,3358.14944938,1.2063799999999998,4.057136275632449,0.6190050292049352
2018-02-14T00:56:07.733,0.00014,0.00014207,0.00014009,232.49120876,277,493,8617.0,6794,4922,3358.80863447,1.2063799999999998,3.4356768927306236,0.6082793992920716
2018-02-14T00:56:37.75,0.00014207,0.00014205,0.00014009,232.49171689,279,494,8617.0,6794,4922,3358.82205327,1.22421719,3.4356768927306236,0.5984740246303217
2018-02-14T00:57:11.38,0.00014204,0.00014204,0.00014011,232.58993474,279,495,8617.0,6789,4925,3358.5790318,1.22395868,1.6540491716887293,0.519027678589202
2018-02-14T00:58:15.967,0.00014204,0.000142,0.00014011,232.58993474,279,495,8626.49999996,6783,4925,3359.39494017,1.2253080599943185,1.6609741716887294,0.49113561060685895
2018-02-14T00:58:43.377,0.00014204,0.00014198,0.00014015,232.58993474,279,495,8624.89999994,6783,4928,3355.85372958,1.2250807959914776,1.5804601192640668,0.6933773656167432
2018-02-14T00:59:19.127,0.00014204,0.00014198,0.00014011,232.58993474,279,495,8624.89999994,6783,4928,3355.85372958,1.2250807959914776,1.9952532229171236,0.6723927296158965
2018-02-14T00:59:44.803,0.00014204,0.00014198,0.00014016,232.58993474,279,495,8610.0,6786,4934,3355.46188398,1.2229644,1.6103335935837755,0.6753505768669521
2018-02-14T01:00:19.793,0.00014016,0.00014016,0.00014015,232.60511342,282,498,8610.0,6789,4926,3355.52113409,1.2067776000000001,2.104483579323763,1.9707720492328207
2018-02-14T01:00:52.143,0.00014016,0.00014159,0.00014018,232.63487352,281,497,8609.99999999,6788,4928,3356.16939139,1.2067775999985983,4.800751106334579,1.9925405691227989
2018-02-14T01:01:27.45,0.0001416,0.00014155,0.0001402,232.71790063,280,498,8604.3,6791,4936,3356.93867247,1.2183688799999999,5.378647353239684,1.9100756521312185
2018-02-14T01:01:59.72,0.00014042,0.00014155,0.00014042,232.72345681,280,500,8604.29999999,6789,4934,3356.47391876,1.2082158059985957,5.201385959864974,1.9100756521312185
2018-02-14T01:02:26.44,0.0001415,0.00014155,0.0001415,232.7805993,281,499,8604.3,6785,4934,3356.64859626,1.21750845,5.191387036995035,1.8532876521312185
2018-02-14T01:03:02.683,0.0001415,0.0001416,0.0001415,232.7811653,281,498,8604.3,6785,4934,3356.64859626,1.21750845,5.190821036995035,1.673019797866212
2018-02-14T01:03:32.703,0.0001415,0.0001416,0.0001415,232.7811653,281,498,8604.3,6789,4939,3356.92584369,1.21750845,4.279166450791079,0.363573888962127
2018-02-14T01:04:02.87,0.0001416,0.0001416,0.0001415,232.78246178,282,497,8604.29999998,6789,4938,3356.88784255,1.218368879997168,5.297731246795868,0.36227740828717503
2018-02-14T01:04:39.953,0.0001416,0.0001416,0.0001415,232.78246178,282,497,8604.3,6791,4938,3355.83014229,1.2183688799999999,5.602653832413978,0.3669000090017877
2018-02-14T01:05:10.093,0.00014197,0.00014197,0.0001415,232.84251838,282,493,8609.44499999,6795,4936,3355.45344552,1.2222829066485803,5.498913094264755,0.3986345660489035
2018-02-14T01:05:46.707,0.00014197,0.00014198,0.00014197,232.84339419,282,492,8610.0,6794,4933,3356.18271718,1.2223617,5.605765230997093,0.589005454638259
2018-02-14T01:06:15.303,0.00014209,0.00014217,0.00014209,232.90171949,282,490,8626.49999996,6795,4928,3362.77722827,1.2257393849943163,4.380672107495602,1.315647212737311
2018-02-14T01:06:49.063,0.00014243,0.00014243,0.00014217,232.92214077,284,488,8632.899999,6792,4922,3363.0622616,1.22958394685757,4.375968176510213,1.2732394576197756
2018-02-14T01:07:20.183,0.00014243,0.0001427,0.00014243,233.11985699,284,487,8634.09899999,6793,4921,3364.90330305,1.2297547205685757,4.39504922213516,3.2932590308748066
2018-02-14T01:07:51.78,0.00014243,0.0001427,0.00014243,233.12236324,283,487,8634.19999998,6793,4920,3364.20806595,1.2297691059971514,4.03837179339607,3.2932590308748066
2018-02-14T01:08:46.977,0.00014165,0.00014351,0.00014165,233.93041061,278,483,8649.1545001,6800,4909,3364.22937022,1.2251527349391649,5.457474941788819,2.955821919149954
2018-02-14T01:09:18.48,0.00014165,0.00014339,0.00014188,233.93596907,280,484,8661.29599999,6798,4904,3364.70995682,1.2268725783985834,4.399708415733661,2.3783926501346113
2018-02-14T01:09:49.39,0.00014291,0.00014298,0.00014188,233.95026007,282,488,8661.29599999,6799,4907,3365.1481181,1.237785811358571,4.3835380030833235,2.254725999688343
2018-02-14T01:10:21.207,0.00014361,0.00014361,0.0001436,234.10296142,286,488,8657.69699996,6801,4909,3366.93855984,1.2433318661642556,4.224254666115352,2.4236280360941267
2018-02-14T01:10:50.117,0.0001436,0.00014387,0.00014188,234.21997221,285,481,8661.29599999,6803,4908,3367.64190587,1.243762105598564,1.6025484874865072,1.6715297236695497
2018-02-14T01:11:19.103,0.0001436,0.0001435,0.0001427,234.72756801,281,479,8644.09799996,6801,4914,3367.67162292,1.241292472794256,4.201925102629829,2.5935131806853216
2018-02-14T01:11:52.45,0.0001435,0.0001435,0.0001427,234.91729833,283,478,8626.0,6801,4915,3367.41780803,1.237831,4.165899449199075,2.46587692381957
2018-02-14T01:12:24.667,0.0001427,0.0001427,0.00014165,235.14709315,280,482,8644.09799995,6801,4913,3368.12145069,1.2335127845928648,5.937049974520162,2.4709076869739217
2018-02-14T01:12:55.207,0.00014173,0.0001427,0.00014173,236.26147697,283,481,8644.09799995,6798,4912,3368.19122097,1.2251280095329136,4.824843687698258,1.7170599850688477
2018-02-14T01:13:28.427,0.00014051,0.00014349,0.00014165,236.70557011,277,482,8644.09799995,6792,4914,3368.24619683,1.2145822099729744,5.596983990510564,1.719472921878793
2018-02-14T01:13:56.4,0.00014051,0.000143,0.00014165,236.70557011,277,482,8644.09799995,6791,4912,3369.39022368,1.2145822099729744,4.892836296076327,1.7538610696251185
2018-02-14T01:14:32.1,0.00014165,0.000143,0.0001417,236.71039255,285,484,8644.09799995,6793,4910,3369.66031558,1.2244364816929174,5.215703664285295,1.6169634060144653
2018-02-14T01:15:04.1,0.00014168,0.00014297,0.0001418,236.71159853,285,485,8644.09799995,6789,4909,3369.35661819,1.224695804632916,5.076555884977717,1.7644869576324538
2018-02-14T01:15:33.68,0.00014297,0.0001427,0.00014054,237.45184258,279,480,8644.09799995,6788,4908,3369.37484928,1.2358466910528514,5.765355507478464,1.6755109863289754
2018-02-14T01:16:06.51,0.00014297,0.00014268,0.00014082,237.45184258,279,480,8644.09799995,6791,4909,3369.39845827,1.2358466910528514,4.824507462774384,1.8219239034903072
2018-02-14T01:16:46.847,0.00014268,0.00014269,0.00014088,237.45349498,281,481,8644.09799995,6792,4907,3369.05939323,1.233339902632866,4.525163184912577,1.7662401347387697
2018-02-14T01:17:24.457,0.00014191,0.0001419,0.00014086,237.48704038,286,482,8644.09799995,6791,4909,3369.04659441,1.2266839471729045,4.692930686930234,2.3207624117099557
2018-02-14T01:17:57.6,0.00014086,0.000141,0.00014086,237.55805267,288,482,8644.09799995,6791,4908,3368.3290539,1.2176076442729569,4.690179704147666,2.1979941860527
2018-02-14T01:18:29.07,0.00014085,0.0001426,0.00014085,237.65758929,286,482,8644.09799995,6790,4912,3368.2605948,1.2175212032929574,4.6127191743518505,2.340232979617366
2018-02-14T01:19:16.043,0.000141,0.000141,0.00014082,237.83785896,285,488,8605.16040004,6793,4911,3367.45616793,1.2133276164056401,4.664185937434746,1.00691608642933
2018-02-14T01:19:50.373,0.00014055,0.000141,0.0001406,237.92630746,282,488,8606.16040005,6800,4911,3365.34413838,1.2095958442270274,5.587452964669077,0.9181945238131901
2018-02-14T01:20:33.487,0.00014043,0.000141,0.00014043,237.98686022,279,492,8606.16040005,6800,4911,3365.34413838,1.2085631049790215,5.254525471494567,1.9534420864037259
2018-02-14T01:21:21.793,0.00014,0.00014043,0.00014001,242.61739632,272,492,8669.99999999,6798,4905,3361.51535561,1.2137999999985998,2.1505070004989184,2.293095859834133
2018-02-14T01:21:55.563,0.00014043,0.00014043,0.00014001,242.87029284,274,492,8606.16040016,6804,4909,3358.36606261,1.208563104994469,2.1547697059990623,2.0401875293162774
2018-02-14T01:22:11.207,0.00014043,0.00014043,0.00014001,242.87029284,274,492,8606.16040016,6801,4910,3357.67728077,1.208563104994469,2.1547697059990623,1.9972411876962735
2018-02-14T01:22:59.68,0.00014001,0.00014001,0.00014,243.30391475,279,495,8641.59999999,6800,4910,3360.89226306,1.2099104159985998,2.0084447241188745,1.5903791402609788
2018-02-14T01:23:26.62,0.00014001,0.00014001,0.00014,243.32733165,280,495,8641.59999999,6800,4914,3360.9952976,1.2099104159985998,2.0084447241188745,1.5669622276998327
2018-02-14T01:24:05.093,0.00014,0.00014043,0.00014,244.13993443,278,495,8641.59999999,6801,4919,3361.15834858,1.2098239999985998,1.3607989961408327,0.8496959378062876
2018-02-14T01:24:36.487,0.00014041,0.00014041,0.00014,244.14433413,282,495,8641.59999999,6801,4917,3359.13269926,1.2133670559985958,1.2809814304912746,0.8440565527550908
2018-02-14T01:24:52.643,0.00014011,0.00014011,0.00014,244.15834513,283,497,8641.59999999,6795,4921,3360.70590391,1.2107745759985988,1.2809814304912746,0.2781083180713204
2018-02-14T01:25:33.723,0.00014011,0.0001401,0.00014,244.15834513,283,497,8641.59999999,6798,4916,3355.14804551,1.2107745759985988,1.2819814304907537,0.7739942397413428
2018-02-14T01:26:14.007,0.00014011,0.00014009,0.00014,244.15834513,283,497,8606.16040017,6801,4913,3355.10635318,1.2058091336678187,1.2819814304907537,0.7806848365575959
2018-02-14T01:26:48.133,0.00014043,0.00014043,0.00014,244.31361651,285,495,8607.0,6801,4913,3355.49076627,1.20868101,1.3649825132745759,0.7329464932567393
2018-02-14T01:27:04.243,0.00014009,0.00014043,0.00014,244.32692506,284,495,8649.99999999,6798,4912,3356.13431029,1.211778499998599,1.457869426378271,0.7218600089312527
2018-02-14T01:27:54.417,0.00014043,0.000141,0.00014,244.35077654,285,493,8649.99999999,6798,4912,3356.13431029,1.2147194999985957,1.457869426378271,0.7318022671917143
2018-02-14T01:28:24.653,0.00014,0.00014,0.00013999,244.70009557,279,494,8649.99999999,6798,4912,3356.13431029,1.2109999999985999,1.2359866416325678,0.7832395092005142
2018-02-14T01:28:55.703,0.00013817,0.00013997,0.00013817,244.8705738,274,496,8649.99999999,6798,4912,3356.13431029,1.1951704999986181,1.5871745311574497,1.0234965743434419
2018-02-14T01:29:47.91,0.000138,0.00013799,0.00013794,246.02625838,266,498,8649.99999999,6798,4912,3356.13431029,1.1936999999986198,1.4649196357874499,0.8495958761393312
2018-02-14T01:30:20.177,0.00013656,0.00013656,0.0001365,246.16056566,263,501,8649.99999999,6798,4912,3356.13431029,1.1812439999986344,2.3344731598432937,1.0050990660152028
2018-02-14T01:30:53.14,0.000136,0.00013799,0.000136,246.45014391,260,502,8631.2030373,6803,4915,3332.55220593,1.1738436130728,2.266684671113307,1.3912969054766116
2018-02-14T01:31:26.833,0.000138,0.0001378,0.00013605,246.55459531,266,502,8610.0,6798,4919,3332.50647833,1.18818,2.352369644232419,1.3928378592452941
2018-02-14T01:32:00.01,0.00013997,0.00013996,0.00013627,246.55856574,266,501,8611.0,6804,4916,3332.84693224,1.20528167,1.8945169472179237,1.2794344897456218
2018-02-14T01:32:25.837,0.00013997,0.0001397,0.00013678,246.55856574,266,501,8630.29296879,6809,4919,3331.08754688,1.2079821068415362,2.7740003623375262,1.1433255180168618
2018-02-14T01:33:27.137,0.0001378,0.00013772,0.00013701,246.70201958,267,505,8631.20303729,6809,4920,3329.24037615,1.189379778538562,2.236452566256301,0.9288863992141292
2018-02-14T01:34:04.31,0.0001378,0.0001378,0.00013701,246.73547234,266,503,8624.71221221,6807,4924,3327.8435866,1.188485342842538,2.2426370127472732,0.9067383104233792
2018-02-14T01:34:35.6,0.0001378,0.00013967,0.00013702,246.7629527,265,503,8624.7122122,6802,4923,3327.49231125,1.18848534284116,2.41811980468589,1.1399039549291812
2018-02-14T01:35:07.73,0.00013883,0.000138,0.00013701,246.99433105,266,506,8624.7122122,6802,4923,3327.49231125,1.197368796419726,3.6125955604717097,1.0267327032570914
2018-02-14T01:36:00.3,0.00013799,0.0001387,0.000138,247.20333106,270,503,8611.0,6797,4923,3327.56174679,1.18823189,3.096302048607555,1.0303314710688114
2018-02-14T01:36:41.51,0.00013799,0.0001395,0.000138,247.55295892,272,514,8611.00000003,6798,4917,3327.32110751,1.1882318900041398,2.212575638420862,0.7697344166293992
2018-02-14T01:37:29.74,0.00013799,0.00013938,0.00013799,247.91481026,272,517,8611.00000003,6800,4918,3327.7243175,1.1882318900041398,2.7603407801140456,1.00332608591584
2018-02-14T01:38:01.557,0.00013799,0.0001393,0.000138,247.91481026,272,517,8611.00000003,6800,4918,3327.7243175,1.1882318900041398,2.914210024976976,0.6867591032165576
2018-02-14T01:38:33.183,0.00013799,0.0001392,0.000138,247.91481026,272,517,8611.00000003,6800,4918,3327.7243175,1.1882318900041398,2.0205468240486195,0.6442004303627179
2018-02-14T01:39:00.8,0.0001392,0.0001392,0.000138,248.407125,276,513,8612.0,6807,4918,3325.72937906,1.1987904,1.6566446564914465,0.9040367180905835
2018-02-14T01:39:34.68,0.0001392,0.00013928,0.0001392,248.40826292,280,513,8612.00000002,6805,4918,3325.69998263,1.198790400002784,1.768864713662918,0.852199629128993
2018-02-14T01:40:27.097,0.00013928,0.0001394,0.00013928,248.49683766,282,513,8613.00000001,6808,4918,3325.07679792,1.199618640001393,2.9250196645378788,0.8691705348707213
2018-02-14T01:41:01.16,0.00013934,0.00013934,0.00013928,248.55733459,285,511,8631.2030373,6808,4919,3324.42529558,1.202671831217382,2.7919918446942704,1.172737388512094
2018-02-14T01:41:38.447,0.00013934,0.00013934,0.00013928,248.57875448,287,512,8613.10000001,6809,4919,3323.92337795,1.2001493540013934,2.839948213295548,1.1533525427551994
2018-02-14T01:42:12.61,0.00013928,0.00013934,0.00013928,248.59372258,287,514,8613.2,6808,4915,3323.53147237,1.1996464960000002,2.497384405314816,1.1363759822737083
2018-02-14T01:42:46.147,0.00013933,0.00013933,0.00013928,248.68843202,287,515,8613.20000003,6809,4913,3323.56071756,1.2000771560041799,2.5767184152332057,0.9822707182680337
2018-02-14T01:43:17.663,0.00013934,0.00014149,0.00013928,248.78815309,286,514,8613.20000001,6804,4913,3323.39899265,1.2001632880013935,2.5787134351826726,0.8698708917568232
2018-02-14T01:44:01.203,0.00014148,0.00014148,0.00013933,248.98410982,289,511,8613.20000002,6802,4916,3323.45084002,1.2185955360028298,2.3095762312424073,0.9693543507397097
2018-02-14T01:44:32.08,0.00014093,0.00014108,0.00014093,249.26733504,289,514,8631.2030373,6802,4916,3322.71789636,1.2163954440466889,2.9073701749159127,0.7409095279573292
2018-02-14T01:45:04.66,0.00014112,0.00014112,0.00014093,249.31348192,289,513,8613.4,6803,4918,3322.95797258,1.215523008,2.8858456350923927,0.8122804494658454
2018-02-14T01:45:15.613,0.00014112,0.00014112,0.00014094,249.31348192,289,513,8616.11,6801,4921,3322.76634138,1.2159054432,2.8302700921677997,0.8122804494658454
2018-02-14T01:46:08.357,0.0001415,0.0001415,0.00014112,249.54238514,289,508,8625.0,6803,4923,3322.54372148,1.2204375,2.801512463853793,1.3243360962963249
2018-02-14T01:46:34.89,0.0001415,0.0001415,0.00014147,249.55787166,289,508,8625.0,6803,4923,3321.02110288,1.2204375,2.79571578052601,1.30884956964508
2018-02-14T01:47:10.61,0.0001415,0.00014193,0.00014151,249.70525086,289,507,8625.0,6803,4923,3321.02110288,1.2204375,2.252658071280556,1.1844397876436588
2018-02-14T01:47:36.27,0.00014193,0.000142,0.00014151,249.71234736,292,505,8620.0,6800,4921,3318.10636439,1.2234365999999999,2.453668521717831,4.226400600057216
2018-02-14T01:48:34.943,0.00014093,0.0001421,0.00014151,249.98594522,290,503,8631.00000001,6800,4908,3320.80731767,1.2163668300014094,2.791344951570053,1.1352621942674024
2018-02-14T01:49:05.557,0.00014,0.00014,0.00013933,251.01560683,287,503,8650.0,6804,4907,3316.83680182,1.2109999999999999,2.431320577646478,3.8627274915142094
2018-02-14T01:49:55.917,0.00014,0.00014,0.00013933,251.04139047,286,502,8670.0,6801,4900,3317.63267482,1.2138,2.5917366150316616,3.762582939952054
2018-02-14T01:50:38.65,0.00014,0.00014,0.00013933,251.10279743,284,502,8680.0,6801,4891,3315.233679,1.2151999999999998,2.4513374721748713,3.676335736278288
2018-02-14T01:51:43.263,0.00013936,0.00014,0.00013936,251.18826746,284,506,8650.0,6799,4896,3313.29937765,1.2054639999999999,1.8148691040799192,3.0697101070933805
2018-02-14T01:52:44.637,0.00013803,0.00013803,0.00013799,251.47910757,282,509,8680.0,6796,4901,3316.46771161,1.1981004,1.9613904571596923,3.0347101070952336
2018-02-14T01:53:15.377,0.00013803,0.00013925,0.00013804,251.53821128,281,508,8663.99999999,6800,4906,3307.56784341,1.1958919199986195,2.7394085504050394,3.5368770813741675
2018-02-14T01:53:45.93,0.00013925,0.00013925,0.00013804,251.54204719,285,509,8655.99999999,6800,4899,3306.2202247,1.2053479999986074,2.74014082513141,3.533041165198715
2018-02-14T01:54:23.697,0.00013925,0.00013924,0.00013804,251.54204719,285,509,8655.99999999,6801,4898,3302.30077153,1.2053479999986074,2.9322209812307523,2.981087431076236
2018-02-14T01:54:47.187,0.00013804,0.00013924,0.00013804,251.74112232,286,510,8679.99999998,6796,4900,3302.31995425,1.1981871999972393,1.9369274835684913,2.9760874310773606
2018-02-14T01:55:19.033,0.00013803,0.00013924,0.00013804,252.57939381,285,510,8655.99999999,6798,4899,3302.3777162,1.1947876799986197,1.7836741908388576,0.7957386024794885
2018-02-14T01:56:02.27,0.00013803,0.00013924,0.00013804,252.76627829,286,509,8655.99999999,6798,4899,3302.3777162,1.1947876799986197,1.811711635843226,0.7726072100236061
2018-02-14T01:56:38.83,0.00013924,0.00013924,0.00013804,252.76738032,290,514,8650.0,6797,4905,3299.33747039,1.204426,1.8069206358430514,0.7461052124252863
2018-02-14T01:56:50.43,0.00013924,0.00013924,0.00013804,252.76738032,290,514,8650.0,6801,4908,3296.75231744,1.204426,1.8069206358430514,0.7677428294214587
2018-02-14T01:57:41.637,0.00013799,0.000138,0.00013799,253.55333302,283,516,8650.0000001,6801,4909,3295.48323542,1.193613500013799,1.4084796689857473,2.184184796386994
2018-02-14T01:58:18.12,0.00013799,0.000138,0.00013799,253.60641354,281,515,8679.40999996,6799,4902,3289.98537627,1.1976717858944805,1.3723331437618083,2.1686306889150138
2018-02-14T01:58:51.187,0.000138,0.000138,0.00013799,255.063406,281,515,8650.0000001,6799,4902,3294.94717112,1.1937000000138,1.4996235222817775,0.711638195671034
2018-02-14T01:59:19.563,0.000138,0.00013925,0.000138,255.063406,281,515,8651.68948375,6801,4900,3292.50070011,1.1939331487575,0.9659550352625967,0.7265894101977383
2018-02-14T01:59:48.69,0.000138,0.00013924,0.000138,255.09849762,281,514,8651.68948375,6802,4907,3291.28359286,1.1939331487575,0.9308703707196546,0.7734827281365586
2018-02-14T02:00:34.01,0.000138,0.00013925,0.000138,255.09849762,281,514,8678.82999994,6798,4903,3287.60738414,1.19767853999172,0.9308703707196546,0.8040027892283141
2018-02-14T02:01:12.763,0.000138,0.00013925,0.000138,255.10455563,280,515,8650.00000011,6800,4904,3282.55372027,1.1937000000151798,0.9248123548006146,0.8040027892283141
2018-02-14T02:01:49.237,0.00013925,0.00013999,0.00013925,255.10655847,283,515,8678.82999994,6803,4898,3282.62150971,1.208527077491645,0.6569536225032848,0.8520427883090433
2018-02-14T02:02:19.613,0.00013925,0.00014,0.00013925,255.10655847,283,515,8687.0,6804,4895,3281.10543987,1.20966475,0.9389274735369497,0.7323066129478633
2018-02-14T02:02:42.65,0.00014,0.00013998,0.00013925,255.1610226,283,515,8680.9112354,6804,4872,3289.73943057,1.215327572956,0.9334297622613397,0.8728675390541167
2018-02-14T02:03:21.497,0.00013925,0.00013997,0.000138,255.176426,281,514,8705.0,6806,4869,3287.97065331,1.21217125,0.9851919568756746,0.8728673649559905
2018-02-14T02:03:53.393,0.00013925,0.00013925,0.000138,255.1819237,284,516,8705.0,6806,4869,3287.97065331,1.21217125,0.9795234752764812,1.103972084410023
2018-02-14T02:04:24.687,0.00013925,0.00013925,0.00013801,255.41407637,282,517,8705.0,6806,4869,3287.97065331,1.21217125,0.7254230085268163,0.8722307736733023
2018-02-14T02:05:10.053,0.00013925,0.00013925,0.00013811,255.41407637,282,517,8705.0,6798,4871,3278.94975408,1.21217125,0.4243709288033921,0.997162471420468
2018-02-14T02:05:50.86,0.00013925,0.00013998,0.00013925,255.4146582,286,518,8705.0,6796,4870,3275.86935,1.21217125,0.7318206054372788,0.9028750261767399
2018-02-14T02:06:19.55,0.00013925,0.00013998,0.00013925,255.4146582,286,518,8708.99999998,6793,4870,3275.5863911,1.212728249997215,0.4741266549375917,0.9028750261767399
2018-02-14T02:07:01.453,0.00013925,0.00013997,0.0001395,255.4146582,286,518,8682.51123541,6795,4870,3271.63840326,1.2090396895308424,0.4714459604463167,0.8728673649559905
2018-02-14T02:07:35.593,0.0001395,0.00013997,0.0001395,255.48244337,286,518,8682.51123541,6795,4867,3271.34882034,1.211210317339695,0.4469880977121617,0.8728673649559905
2018-02-14T02:08:03.19,0.0001395,0.00013998,0.00013811,255.55413287,286,517,8682.51123541,6795,4867,3271.34882034,1.211210317339695,0.3993636109801018,0.8915512831868396
2018-02-14T02:08:45.79,0.00013992,0.00013992,0.00013811,255.60878961,285,521,8684.11123542,6795,4870,3269.00903544,1.2150808440599663,0.4023814546840635,1.4596270030792282
2018-02-14T02:09:23.553,0.00013992,0.00013992,0.00013814,255.67280014,287,521,8684.11123542,6791,4873,3263.16397975,1.2150808440599663,0.32081433872150755,1.4613048869412564
2018-02-14T02:09:56.743,0.00013992,0.00013992,0.00013815,255.67380471,287,522,8684.11123542,6789,4873,3260.65972432,1.2150808440599663,0.3765664413609733,1.4473163217445282
2018-02-14T02:10:27.757,0.00013992,0.00013993,0.0001382,255.67380471,287,522,8684.11123542,6792,4873,3256.86800729,1.2150808440599663,0.2581604274048564,1.3924864029713402
2018-02-14T02:10:54.54,0.00013997,0.00013998,0.00013995,256.22253119,287,519,8684.11123542,6790,4875,3256.22512012,1.2155150496217373,0.5850306602421887,0.8930747435429919
2018-02-14T02:11:44.97,0.00013799,0.00013997,0.00013799,256.90185264,278,519,8653.96498508,6787,4875,3254.64006718,1.1941606282911892,0.384862408376009,0.9899747225618648
2018-02-14T02:12:17.23,0.00013799,0.00014,0.000138,257.51440682,279,517,8684.11123542,6792,4873,3254.19080632,1.1983205093756057,0.3815004214551346,0.5965517638314695
2018-02-14T02:12:55.24,0.00014,0.00014,0.00013803,257.51509003,283,520,8687.0,6795,4871,3254.18985882,1.2161799999999998,0.38110503457600003,0.6281322525476234
2018-02-14T02:13:28.163,0.00014,0.00014099,0.00014,258.16904881,284,515,8689.0,6793,4871,3254.24155106,1.2164599999999999,0.18973951686336052,0.5129401862115183
2018-02-14T02:14:01.12,0.00014,0.00014099,0.00014,258.24312996,282,515,8709.0,6791,4869,3257.7542274,1.2192599999999998,0.1832958286837647,0.5282976357799254
2018-02-14T02:14:31.31,0.00014013,0.00014099,0.00014013,258.26452075,284,515,8709.60308178,6797,4869,3256.40239043,1.2204766798498314,0.1330429018119792,1.1849278810612565
2018-02-14T02:22:18.043,0.00014261,0.00014566,0.00014261,261.65175534,289,495,8657.26498512,6805,4856,3266.08236103,1.2346125595279631,2.426261548282922,3.7555703207134985
2018-02-14T02:22:49.097,0.0001426,0.00014565,0.00014264,261.77503089,289,494,8657.26498512,6805,4856,3266.08236103,1.234525986878112,2.4328771331182546,4.8955618466113195
2018-02-14T02:23:20.163,0.0001455,0.00014549,0.00014265,261.78574197,288,496,8658.86498512,6807,4854,3262.23824132,1.2598648553349603,0.6015743698901026,4.405886589375487
2018-02-14T02:23:50.12,0.0001455,0.0001455,0.00014264,264.04710369,289,496,8718.0,6808,4845,3264.13156915,1.268469,0.3880785943182977,3.359306496808898
2018-02-14T02:24:20.073,0.0001455,0.00014468,0.00014281,264.13788631,289,497,8661.76498519,6805,4854,3265.35451888,1.2602868053451453,0.38673821735493885,3.1914105318499417
2018-02-14T02:24:56.42,0.00014467,0.00014467,0.00014281,264.15870538,292,499,8663.0,6805,4854,3263.49290352,1.2532762100000001,0.3248403437141112,2.7730987890667214
2018-02-14T02:25:27.937,0.0001428,0.00014468,0.00014264,264.16119912,292,497,8706.96498511,6804,4854,3262.43980047,1.243354599873708,0.36239689779478945,3.2667301042258696
2018-02-14T02:26:08.88,0.00014468,0.00014468,0.0001428,264.16506574,293,500,8657.26498513,6797,4855,3261.93988611,1.2525330980486082,0.24777387133597623,2.7334720887854886
2018-02-14T02:26:29.253,0.0001428,0.00014431,0.00014285,264.17059627,292,505,8700.16498512,6801,4854,3261.93796562,1.242383559875136,0.4419169591103159,1.9217136149313192
2018-02-14T02:27:07.19,0.00014431,0.00014431,0.00014285,264.2835393,293,506,8700.16498512,6802,4853,3261.55977675,1.2555208090026673,0.4419169591103159,2.2872213218883766
2018-02-14T02:27:36.88,0.0001445,0.0001445,0.00014285,264.32285518,292,505,8657.26498512,6797,4856,3262.00874444,1.25097479034984,0.4465122221599604,2.6292198754308638
2018-02-14T02:28:05.6,0.0001445,0.000144,0.000143,264.36603995,292,505,8657.26498512,6797,4853,3259.16200871,1.25097479034984,0.4989942183358479,2.3461218083340665
2018-02-14T02:28:37.93,0.00014469,0.00014469,0.00014468,265.17454842,297,501,8695.0,6797,4853,3257.66246131,1.25807955,0.8641156508345227,3.490581629937438
2018-02-14T02:29:15.183,0.00014468,0.00014469,0.00014468,265.63430865,296,501,8695.0,6797,4854,3257.66916232,1.2579926000000001,0.450804931516155,3.443039832312316
2018-02-14T02:29:43.12,0.00014468,0.00014469,0.00014468,265.68090059,296,500,8700.0,6798,4855,3257.77842268,1.258716,0.4649213830269128,3.0238769114303268
2018-02-14T02:30:18.833,0.00014468,0.00014469,0.00014468,265.78115058,296,501,8700.0,6802,4860,3257.95790884,1.258716,0.49724742951069534,3.0323603775826395
2018-02-14T02:30:50.17,0.00014285,0.00014468,0.00014285,265.79613575,295,503,8690.0,6799,4857,3258.6591699,1.2413665,0.532301266445069,3.0975228775821995
2018-02-14T02:31:21.72,0.00014285,0.00014468,0.00014285,265.79613575,295,503,8700.0,6801,4858,3258.79877114,1.242795,0.8490838572492995,3.3038962502309497
2018-02-14T02:31:53.543,0.00014285,0.000144,0.00014286,265.79613575,295,503,8700.16498512,6803,4855,3258.05702002,1.242818568124392,0.7609592029289387,3.271106929330519
