timestamp,tick,ask,bid,vol,buys,sells,btc_tick,btc_buys,btc_sells,btc_vol,usdt,first_page_buy_orders,first_page_sell_orders
2018-03-06T01:40:13.587,0.00017806,0.0,0.00017806,0.0017806,16,0,11308.68045705,5846,2563,2245.55712081,2.0136236421823233,22.4285569986507,0
2018-03-06T01:40:43.963,0.01,0.01,0.00017806,0.0402253,16,1,11285.68045704,5845,2565,2245.49896532,112.8568045704,7.0767013327758255,0
2018-03-06T01:41:17.01,9.287e-05,8.93e-05,8.863e-05,3.25962314,23,7,11321.0,5829,2562,2255.46726883,1.05138127,7.894316866725836,2.4565968894118093
2018-03-06T01:41:47.903,0.00020476,0.00022257,0.00020477,4.79366427,53,3,11221.01383937,5809,2564,2266.59433225,2.297614793749401,1.1991116719103292,1.5629665559827586
2018-03-06T01:42:19.41,0.00022245,0.00022244,0.00021136,5.28860559,71,9,11275.1,5817,2565,2266.27907279,2.508145995,0.4811512530346225,10.433093116978293
2018-03-06T01:42:49.923,0.00024037,0.00024037,0.00022258,8.59746375,71,6,11229.9996,5823,2561,2266.6747488,2.699355003852,0.865480182888082,18.70106500759485
2018-03-06T01:43:21.15,0.00026585,0.00026585,0.00026584,11.22574687,80,16,11260.0,5821,2564,2266.48256091,2.993471,1.7846650089806193,26.98967361638799
2018-03-06T01:43:52.15,0.00026593,0.00033993,0.00026599,21.10305392,85,14,11258.1449624,5823,2564,2266.36066519,2.9938784898510318,4.35932570324633,1.898646050893918
2018-03-06T01:44:23.457,0.00029001,0.00031,0.00029007,23.72199478,81,30,11260.0,5831,2568,2266.14794197,3.2655126,2.1197562320039482,3.226075707790819
2018-03-06T01:44:54.567,0.000261,0.00026097,0.00024607,28.64672213,80,27,11260.0,5834,2565,2266.83113877,2.93886,1.3380497570105077,161.19800185969734
2018-03-06T01:45:24.79,0.00026687,0.000265,0.00025999,29.88036055,94,27,11275.0,5836,2564,2267.49038747,3.00895925,2.552844145741934,159.9469977741594
2018-03-06T01:45:56.87,0.00026692,0.00026693,0.00026692,32.34708831,103,35,11258.1449624,5840,2561,2267.43942735,3.005024053363808,1.703836435116568,158.86998055897612
2018-03-06T01:46:27.28,0.00026693,0.00026693,0.00026692,34.59839356,93,40,11258.1449624,5840,2561,2267.43942735,3.0051366348134323,1.1068106048552597,157.28227781984666
2018-03-06T01:46:57.55,0.00017795,0.00017795,0.0001247,39.3703973,84,47,11258.1449624,5840,2561,2267.43942735,2.0033868960590797,1.137535182722334,167.72507024445122
2018-03-06T01:47:30.24,0.00013007,0.00017779,0.00013016,48.07512181,115,60,11286.77,5848,2566,2267.28535235,1.4680701739000002,2.090659269804156,163.05363478414165
2018-03-06T01:48:01.567,0.00014507,0.000168,0.00014512,49.14847346,138,66,11286.77,5848,2566,2267.28535235,1.6373717239,3.1169296458347278,0.8357891027542268
2018-03-06T01:48:31.867,0.000152,0.00016785,0.00015405,50.32488577,135,61,11286.77,5846,2568,2267.57492733,1.7155890400000002,0.9123541705537159,0.5707895350018781
2018-03-06T01:49:03.68,0.00013344,0.00013342,0.00013029,56.51056848,100,69,11286.77,5846,2566,2264.9287692,1.5061065888,2.0009826995375932,61.7634944021014
2018-03-06T01:49:33.767,0.00012466,0.00012459,0.0001101,57.90546224,134,77,11300.0,5853,2567,2265.09529136,1.408658,0.5902821497171713,62.2531490424167
2018-03-06T01:50:05.127,0.000115,0.00012423,0.00011524,58.35211225,169,86,11300.0,5846,2565,2265.50410871,1.2995,3.0141089925409648,153.92017608559857
2018-03-06T01:50:45.36,0.00013344,0.00013344,0.00013334,63.15808753,205,75,11286.77,5847,2565,2266.53117215,1.5061065888,1.6709339481093326,150.4871148064151
2018-03-06T01:51:15.64,0.00013334,0.00013334,0.00012633,64.90554635,203,80,11286.77,5847,2565,2266.53117215,1.5049779118,0.5014176406239148,148.41958610933486
2018-03-06T01:51:47.72,0.00013324,0.00013318,0.00012658,66.38573624,193,85,11221.0,5834,2567,2266.85257019,1.49508604,0,0
2018-03-06T01:52:17.377,0.00012702,0.0001331,0.00012703,67.0069873,202,93,11270.0,5843,2568,2266.85604576,1.4315153999999999,0.3172247996031936,148.4407594724802
2018-03-06T01:52:47.58,0.00012902,0.000129,0.00012706,67.49065322,214,96,11270.0,5846,2570,2267.75693899,1.4540554,0.5418262515586887,148.12689766151163
2018-03-06T01:53:20.86,0.00013,0.00013278,0.00013,68.57616979,219,100,11270.0,5844,2570,2261.62585798,1.4650999999999998,0.6234014180786771,149.4704378967766
2018-03-06T01:53:52.16,0.00013278,0.00013284,0.00013278,70.46458507,239,103,11270.0,5844,2573,2261.83253111,1.4964306,1.352915904266564,148.40752072092826
2018-03-06T01:54:23.61,0.00013343,0.00013344,0.00013343,71.57542163,240,98,11262.0,5847,2575,2261.92159197,1.50268866,1.712722355540489,147.71661028233444
2018-03-06T01:54:58.987,0.00013343,0.00013344,0.00013343,73.38352274,231,105,11262.00000001,5847,2573,2261.91957974,1.5026886600013345,1.12457213003105,146.97287226284408
2018-03-06T01:55:32.58,0.00013344,0.00013344,0.00013284,75.60977035,223,101,11262.00000001,5849,2576,2261.49984396,1.5028012800013344,1.0328011060637632,144.42620893573755
2018-03-06T01:56:02.097,0.00013344,0.00013341,0.00013284,76.02348538,219,103,11260.0,5857,2575,2262.3825764,1.5025344,0.9475530250764843,144.26599818367447
2018-03-06T01:56:35.097,0.00013284,0.00013284,0.00013101,76.26037723,210,110,11270.0,5859,2567,2271.95225383,1.4971068,0.20972882969110282,144.23307508597546
2018-03-06T01:57:05.673,0.00013102,0.00013102,0.00012906,77.13041958,208,115,11290.0,5852,2567,2274.11184756,1.4792158,0.361545785927748,144.3019163479658
2018-03-06T01:57:37.237,0.00012903,0.00013102,0.00012903,77.60733106,210,112,11278.0,5852,2566,2274.12184756,1.45520034,0.5041424477162816,144.1476105307919
2018-03-06T01:58:06.033,0.00010655,0.00010651,0.00010506,79.13076787,185,112,11289.0,5852,2567,2274.11309134,1.20284295,2.246150573536856,175.3565356381307
2018-03-06T01:58:39.257,9.505e-05,9.763e-05,9.762e-05,86.94950296,164,120,11300.0,5849,2568,2276.42536359,1.074065,2.292355871041497,197.143969660474
2018-03-06T01:59:10.583,9.661e-05,9.763e-05,9.762e-05,87.79935839,187,118,11317.0,5852,2568,2276.523972,1.09333537,1.8012263136831705,52.3511827048112
2018-03-06T01:59:41.333,9.763e-05,9.763e-05,9.762e-05,90.81486488,203,122,11325.29475,5854,2566,2278.52375562,1.1056885264424998,3.15414287186178,51.14553392715176
2018-03-06T02:00:12.91,9.761e-05,9.759e-05,9.661e-05,93.26024768,193,129,11287.0,5851,2569,2277.08240636,1.10172407,2.091789112812887,50.952964589314526
2018-03-06T02:01:15.77,9.204e-05,9.5e-05,9.205e-05,94.05970738,225,141,11284.7426,5849,2569,2279.34466629,1.038647708904,2.4518452741548487,50.32113465499581
2018-03-06T02:01:50.163,9.761e-05,9.761e-05,9.23e-05,94.62687414,243,141,11284.7426,5847,2573,2279.41758096,1.1015037251859998,1.4491383921253493,50.365591200764186
2018-03-06T02:02:21.37,9.754e-05,9.755e-05,9.754e-05,95.07383648,246,143,11290.0,5848,2570,2279.91974147,1.1012266,0.5610259278520078,50.73815579159845
2018-03-06T02:02:51.87,9.754e-05,9.756e-05,9.754e-05,95.55435092,252,145,11285.0,5846,2569,2280.40967722,1.1007389,2.019426129016207,50.023602899886825
2018-03-06T02:03:23.45,9.763e-05,9.762e-05,9.756e-05,96.38503359,251,146,11285.0,5846,2569,2280.40967722,1.1017545499999999,0.8544217857744568,49.3775003767672
2018-03-06T02:03:59.64,9.761e-05,9.761e-05,9.757e-05,97.30847468,253,153,11284.7426,5847,2575,2280.08484232,1.1015037251859998,0.6586276558661914,49.002412616158374
2018-03-06T02:04:39.64,9.763e-05,9.763e-05,9.762e-05,97.85696133,251,152,11278.0,5845,2576,2280.31053942,1.10107114,0.772743657881437,48.48575369810331
2018-03-06T02:05:10.423,9.756e-05,9.763e-05,9.762e-05,98.18470184,249,157,11278.0,5852,2578,2280.39823624,1.10028168,1.0469638598398456,48.703309942244765
2018-03-06T02:05:41.393,9.756e-05,9.762e-05,9.756e-05,98.79742095,264,155,11280.7426,5854,2577,2280.82271914,1.100549248056,1.9750909389937148,49.16305326042808
2018-03-06T02:06:13.52,9.763e-05,9.763e-05,9.762e-05,100.16707573,261,156,11284.7426,5852,2576,2281.17706394,1.101729420038,2.456143339944722,47.082941474718154
2018-03-06T02:06:44.153,9.763e-05,9.763e-05,9.762e-05,102.3932264,256,154,11270.0,5851,2578,2282.55572819,1.1002901,1.08032425843542,43.670876966296085
2018-03-06T02:07:15.167,0.000105,0.00010499,9.959e-05,121.56047335,262,160,11270.01,5851,2578,2283.20345673,1.1833510500000002,1.1971197372553428,36.05405321449907
2018-03-06T02:07:46.34,0.00010488,0.00010488,0.000103,124.95972174,257,164,11270.01,5849,2578,2283.33364877,1.1819986488,1.1986940473896028,33.08599364222363
2018-03-06T02:08:17.653,9.307e-05,9.307e-05,9.231e-05,131.38063129,214,176,11270.01,5846,2580,2283.73904929,1.0488998307000001,0.4450419108558494,23.557531611862355
2018-03-06T02:08:50.2,9.325e-05,9.324e-05,9.307e-05,132.16564284,226,176,11270.01,5846,2580,2283.73904929,1.0509284325000001,0.538389518874572,23.55827426480926
2018-03-06T02:09:22.06,9.147e-05,8.951e-05,8.95e-05,133.31215167,208,176,11270.01,5846,2580,2283.73904929,1.0308678147,2.953537265128039,33.20348913595317
2018-03-06T02:09:52.543,8.93e-05,8.951e-05,8.93e-05,136.28694404,212,176,11283.0,5854,2577,2283.74748089,1.0075719,4.000234514841853,32.177992071760976
2018-03-06T02:10:24.34,8.78e-05,8.898e-05,8.78e-05,137.20215667,222,177,11283.0,5851,2578,2283.88919755,0.9906474000000001,1.3598798136385541,31.784719944150137
2018-03-06T02:10:55.67,9.129e-05,9.146e-05,9.129e-05,137.48910433,244,177,11283.0,5852,2577,2284.24935823,1.03002507,2.384238878840801,31.90729798451103
2018-03-06T02:11:46.31,9.323e-05,9.321e-05,9.147e-05,147.15601467,253,190,11271.0,5857,2582,2285.40300313,1.05079533,3.1596414157266532,25.561625603194432
2018-03-06T02:12:16.53,9.313e-05,9.18e-05,9.151e-05,147.89502935,246,195,11270.01,5851,2579,2286.60899991,1.0495760313,1.859114639846264,26.028201615143683
2018-03-06T02:12:45.857,9.18e-05,9.28e-05,9.18e-05,148.2427772,252,196,11270.0,5852,2579,2286.83936974,1.034586,3.0677252452048216,25.767858821169202
2018-03-06T02:13:19.903,9.148e-05,9.277e-05,9.18e-05,149.12856375,240,200,11271.0,5850,2579,2287.79593955,1.03107108,3.501507313507868,25.902877024157082
2018-03-06T02:13:49.06,9.149e-05,9.276e-05,9.149e-05,149.21744725,243,204,11271.0,5850,2579,2287.79593955,1.03118379,3.2333659063530065,25.171279197679826
2018-03-06T02:14:21.593,9.129e-05,9.128e-05,9e-05,150.16388788,241,207,11284.7426,5854,2576,2287.94882404,1.030184151954,1.7628070115548922,1.3236247925682367
2018-03-06T02:14:51.75,9.276e-05,9.276e-05,9.129e-05,150.95335815,247,202,11285.0,5856,2578,2288.02408477,1.0467966,2.0156443061603184,2.5058157089403195
2018-03-06T02:15:30.797,9.277e-05,9.282e-05,9.277e-05,152.35740897,263,223,11298.69,5857,2577,2289.24580045,1.0481794712999999,0.6516077818523192,27.564818418218106
2018-03-06T02:16:01.61,9.285e-05,9.289e-05,9.285e-05,154.02326504,263,215,11298.69,5858,2579,2289.35884976,1.0490833665,0.4484349624936905,24.701266153200734
2018-03-06T02:16:32.813,9.275e-05,9.281e-05,9.275e-05,154.78455153,270,219,11298.69,5858,2579,2289.48546741,1.0479534975,0.8814261682848124,24.489610774341422
2018-03-06T02:17:03.083,9.32e-05,9.321e-05,9.32e-05,156.3851774,270,211,11298.69,5860,2580,2289.59670317,1.053037908,3.207469077267355,30.240380392133652
2018-03-06T02:17:37.867,9.002e-05,9.193e-05,9.102e-05,160.27075191,276,224,11285.0,5862,2576,2289.59747975,1.0158757,3.1639453017261414,35.102140289405064
2018-03-06T02:18:08.75,9.284e-05,9.284e-05,9.193e-05,162.98461904,283,226,11298.69,5862,2576,2289.5471599,1.0489703796,1.4854577215194364,30.635679030166834
2018-03-06T02:18:39.83,9.238e-05,9.238e-05,9.108e-05,166.20372685,290,224,11298.68999999,5862,2578,2289.37614711,1.0437729821990762,0.5877181665972853,30.599342613464607
2018-03-06T02:19:10.99,9.07e-05,9.105e-05,9.07e-05,166.636674,287,237,11298.69,5864,2579,2291.10566463,1.024791183,0.3936569808665209,3.1111915904665857
2018-03-06T02:19:42.63,9.105e-05,9.147e-05,9.071e-05,167.31674524,296,233,11298.69,5863,2578,2291.19885285,1.0287457245,1.5701964051455235,2.936378641900093
2018-03-06T02:20:19.163,9.07e-05,9.146e-05,9.07e-05,167.69531875,302,248,11298.69,5869,2575,2291.20275658,1.024791183,2.7703392718415363,2.2609676968494488
2018-03-06T02:20:51.21,9.146e-05,9.147e-05,9.146e-05,168.41885338,307,245,11298.69,5869,2575,2291.20275658,1.0333781874,1.032045666143464,2.852316946282419
2018-03-06T02:21:22.747,9.237e-05,9.237e-05,9.148e-05,168.84649713,314,239,11298.69,5869,2575,2291.20275658,1.0436599953,1.2532782826324445,25.67176042434367
2018-03-06T02:22:15.097,9.148e-05,9.23e-05,9.148e-05,169.25163881,312,246,11298.69,5870,2575,2290.76052952,1.0336041612,0.6104577620797306,2.8996060436387188
2018-03-06T02:22:47.223,9.224e-05,9.224e-05,9.15e-05,169.78524112,320,246,11285.0,5866,2577,2291.60423375,1.0409283999999999,0.656931228560502,2.3313371931161546
2018-03-06T02:23:17.15,9.229e-05,9.23e-05,9.229e-05,170.33399363,321,232,11285.0,5866,2577,2291.60423375,1.04149265,2.970416592578786,26.943184601485243
2018-03-06T02:23:49.197,9.284e-05,9.25e-05,9.23e-05,171.0225105,308,229,11285.0,5866,2577,2291.60423375,1.0476994,2.5407117327478677,2.9681644291646503
2018-03-06T02:24:26.537,9.3e-05,9.3e-05,9.284e-05,171.89230016,316,231,11271.00000001,5873,2576,2291.65632584,1.0482030000009301,1.0282214242815801,28.89005586407597
2018-03-06T02:24:57.913,9.252e-05,9.299e-05,9.252e-05,172.17736527,320,239,11271.00000001,5873,2576,2291.65632584,1.0427929200009254,1.0416141054827799,25.12959202941855
2018-03-06T02:25:28.87,9.298e-05,9.299e-05,9.253e-05,172.27545378,323,243,11271.00000011,5869,2581,2291.24330741,1.0479775800102278,0.7151974271299204,25.148672961038177
2018-03-06T02:26:07.433,9.299e-05,9.298e-05,9.256e-05,173.06208259,324,241,11271.00000011,5870,2580,2291.24378975,1.048090290010229,0.962993580890382,25.59316671095907
2018-03-06T02:26:47.28,9.297e-05,9.297e-05,9.255e-05,173.53643733,315,247,11271.00000011,5870,2580,2291.24378975,1.0478648700102267,0.7422496063397279,2.961603986649955
2018-03-06T02:27:18.7,9.254e-05,9.297e-05,9.257e-05,173.78814715,315,248,11271.00000021,5869,2581,2291.03500388,1.0430183400194335,1.8585371469782428,25.325465970556486
2018-03-06T02:27:49.437,9.297e-05,9.298e-05,9.297e-05,174.09686191,319,246,11271.00000021,5867,2582,2291.5777459,1.0478648700195237,1.8145693962541183,28.734545424794234
2018-03-06T02:28:19.707,9.297e-05,9.297e-05,9.296e-05,175.0382268,307,241,11284.98,5862,2579,2292.79642837,1.0491645906,1.3940097978414354,25.320385600407754
2018-03-06T02:28:51.88,9.259e-05,9.295e-05,9.259e-05,175.19185771,309,242,11284.98,5862,2579,2292.79642837,1.0448762982,1.4523472263841306,2.460209327141297
2018-03-06T02:29:23.383,9.26e-05,9.26e-05,9.259e-05,175.65566017,307,249,11271.00000011,5861,2584,2292.62244774,1.0436946000101859,1.4115729100727894,0.9650287185032689
2018-03-06T02:29:53.51,9.26e-05,9.26e-05,9.258e-05,175.76960192,305,249,11271.0,5857,2584,2292.63559343,1.0436946,1.4019074165552374,0.7533981333100511
2018-03-06T02:30:24.653,9.264e-05,9.294e-05,9.267e-05,175.98571081,309,246,11265.00000011,5855,2585,2293.81914638,1.0435896000101903,1.4100941870853134,1.8582775606016575
2018-03-06T02:30:55.97,9.277e-05,9.293e-05,9.279e-05,176.01252279,306,247,11265.0,5852,2584,2294.15825295,1.0450540499999998,1.0232236198787072,1.811774816804802
2018-03-06T02:31:28.007,9.293e-05,9.297e-05,9.294e-05,176.56175368,316,244,11262.00000001,5853,2584,2294.26491083,1.0465776600009296,0.6179286451458962,24.45382643801191
2018-03-06T02:31:59.24,9.297e-05,9.297e-05,9.293e-05,176.67479698,314,242,11255.0,5851,2583,2296.93755931,1.04637735,0.7729079403623905,24.878184105014093
2018-03-06T02:32:46.157,9.279e-05,9.297e-05,9.293e-05,177.04155756,300,244,11255.0,5851,2584,2297.64858894,1.04435145,1.2227978423836043,24.58527315108849
2018-03-06T02:33:17.32,9.297e-05,9.3e-05,9.297e-05,177.17617072,300,247,11255.0,5851,2585,2297.65325003,1.04637735,1.4533059566621322,25.600938961926506
2018-03-06T02:33:45.997,9.3e-05,9.3e-05,9.298e-05,177.36865851,302,244,11255.0,5854,2581,2296.75949437,1.046715,1.473626129905171,25.506290930257098
2018-03-06T02:34:19.123,9.318e-05,9.323e-05,9.318e-05,178.31848255,301,239,11255.0,5852,2581,2296.70911637,1.0487409,0.9842979189385483,32.580425762664106
2018-03-06T02:34:50.733,9.323e-05,9.323e-05,9.318e-05,178.72362955,297,240,11262.00000001,5851,2581,2296.72220922,1.0499562600009325,1.2284687650738644,32.183066145830864
2018-03-06T02:35:18.363,9.324e-05,9.325e-05,9.323e-05,179.25442081,302,241,11255.0,5854,2581,2296.74199758,1.0494162,0.5763040316606317,31.423937097560348
2018-03-06T02:35:51.63,9.323e-05,9.323e-05,9.319e-05,180.92736626,300,244,11262.00000001,5857,2582,2296.986069,1.0499562600009325,0.7509687777717063,31.461007541970964
2018-03-06T02:36:22.6,9.323e-05,9.325e-05,9.323e-05,181.13999339,306,240,11255.0,5857,2581,2297.12888845,1.04930365,0.4060769016431607,33.112987437544795
2018-03-06T02:36:53.77,9.319e-05,9.323e-05,9.319e-05,181.33481051,296,245,11255.0,5857,2581,2297.12888845,1.04885345,0.31512736514831996,30.214747781052264
2018-03-06T02:37:28.087,9.319e-05,9.319e-05,9.318e-05,181.54608798,297,244,11250.0000001,5855,2581,2297.75250873,1.048387500009319,0.49043359299545575,31.52349590718208
2018-03-06T02:38:04.13,9.325e-05,9.325e-05,9.318e-05,181.78556258,292,242,11250.0000001,5855,2586,2297.67040993,1.0490625000093252,0.6437407043017058,32.925502462038594
2018-03-06T02:38:34.043,9.318e-05,9.318e-05,9.3e-05,182.42639743,282,244,11250.00000001,5857,2588,2297.56789701,1.0482750000009318,0.6208324377320269,30.19669680303716
2018-03-06T02:39:05.62,9.318e-05,9.324e-05,9.318e-05,182.56253627,288,243,11250.0000001,5858,2589,2297.25064303,1.0482750000093182,1.0705222331853927,33.151626783572254
2018-03-06T02:39:36.45,9.318e-05,9.25e-05,9.075e-05,182.62289247,280,241,11250.0,5857,2589,2296.69616387,1.048275,1.8817299404902434,30.22238181996851
2018-03-06T02:40:08.363,9.071e-05,9.247e-05,9.072e-05,183.74956771,266,245,11250.0,5856,2590,2299.8027009,1.0204875,1.535948893268712,27.86581949250856
2018-03-06T02:40:39.003,9.247e-05,9.247e-05,9.088e-05,183.77208247,276,245,11240.0,5853,2587,2306.29818808,1.0393628,0.762788535702366,26.479130821436843
2018-03-06T02:41:10.8,9.247e-05,9.247e-05,9.101e-05,184.33288705,282,246,11241.0,5856,2588,2306.27340048,1.03945527,0.8714764769287313,27.926547840229773
2018-03-06T02:41:41.38,9.247e-05,9.247e-05,9.11e-05,184.55622062,286,248,11240.0,5855,2588,2305.38243566,1.0393628,0.9478145289167386,30.993265526721242
2018-03-06T02:42:10.43,9.25e-05,9.25e-05,9.13e-05,184.80405517,294,244,11240.0,5854,2588,2305.46301036,1.0397,0.651504169911187,33.59802311301509
2018-03-06T02:43:18.443,9.104e-05,9.138e-05,9.106e-05,185.58018807,290,257,11230.00000008,5852,2591,2306.63938025,1.022379200007283,0.4053608507551839,1.8709007911583908
2018-03-06T02:43:50.32,9.105e-05,9.138e-05,9.104e-05,185.85906806,295,256,11230.00000008,5851,2590,2306.28525513,1.022491500007284,0.4442643838401889,22.557175962838052
2018-03-06T02:44:21.057,9.072e-05,9.1e-05,9.096e-05,186.53869133,280,260,11230.00000008,5852,2590,2306.28274895,1.0187856000072575,1.2411341418373834,2.9545049524614293
2018-03-06T02:44:52.2,8.93e-05,8.93e-05,8.805e-05,189.01021076,252,257,11230.00000008,5850,2591,2307.28231793,1.0028390000071439,2.180952398715644,1.4019689236754664
2018-03-06T02:45:24.013,8.805e-05,9.002e-05,8.806e-05,194.76061414,234,265,11230.00000008,5848,2591,2308.56835683,0.9888015000070439,3.0233176963717607,1.4949478508658758
2018-03-06T02:45:55.11,8.808e-05,9e-05,8.852e-05,195.2256591,242,260,11230.00000008,5851,2593,2308.5909744,0.9891384000070463,2.583499549840131,2.1468146863854742
2018-03-06T02:46:26.147,8.999e-05,9.09e-05,9.004e-05,195.61033055,251,266,11230.00000008,5855,2592,2309.58496548,1.010587700007199,1.5013918148499927,2.3793342181121475
2018-03-06T02:47:01.163,9.004e-05,9.003e-05,9e-05,196.8517499,256,271,11230.0,5856,2590,2309.84704555,1.0111492,1.8402731190261545,2.3220645583191075
2018-03-06T02:47:32.04,8.993e-05,8.993e-05,8.86e-05,197.48391933,250,267,11230.00000008,5855,2592,2310.77958412,1.0099139000071944,2.5797671695746964,32.445997467761124
2018-03-06T02:48:03.407,8.807e-05,8.808e-05,8.804e-05,199.79486153,243,274,11230.0,5853,2593,2310.89140217,0.9890261,8.27107556945751,47.24359975694275
2018-03-06T02:48:34.143,8.796e-05,8.816e-05,8.796e-05,200.77721098,248,265,11230.0,5853,2593,2310.89140217,0.9877908000000001,17.63441073691572,18.227803176567694
2018-03-06T02:49:04.78,8.816e-05,8.988e-05,8.816e-05,201.83669783,253,264,11230.0,5853,2593,2310.89140217,0.9900367999999999,12.00892105624534,17.078291004224564
2018-03-06T02:49:36.257,8.821e-05,8.943e-05,8.853e-05,201.88737258,251,267,11230.00000008,5856,2590,2309.80786535,0.9905983000070567,1.3576042781008077,14.351708435325863
2018-03-06T02:50:06.29,8.99e-05,9.001e-05,9e-05,202.44653523,253,267,11241.0,5857,2588,2310.78031108,1.0105659,10.254450012287801,58.55897010038579
2018-03-06T02:50:37.98,9.001e-05,9.001e-05,8.983e-05,216.42932237,253,261,11241.0,5854,2589,2309.33888705,1.01180241,4.4430252411579705,57.70230969369763
2018-03-06T02:51:09.003,8.982e-05,8.979e-05,8.9e-05,216.7962654,263,268,11250.00000008,5861,2589,2309.10402919,1.0104750000071856,2.858444635091662,14.12739208905485
2018-03-06T02:51:39.427,8.979e-05,8.978e-05,8.901e-05,217.08500128,263,265,11250.10000008,5859,2588,2303.27257566,1.0101464790071832,1.2722319167121225,13.339445576455894
2018-03-06T02:52:11.613,8.901e-05,8.976e-05,8.902e-05,217.25599587,257,266,11250.00000008,5855,2589,2302.94848995,1.0013625000071207,1.4703745016745178,30.76735673357973
2018-03-06T02:52:42.787,8.901e-05,8.97e-05,8.863e-05,217.81047954,253,268,11345.0,5857,2579,2306.20045843,1.00981845,1.2189769740436476,16.23710355687755
2018-03-06T02:53:46.77,8.853e-05,8.865e-05,8.853e-05,219.73127775,241,277,11304.87999999,5866,2577,2305.73746049,1.0008210263991146,3.4058353709283673,16.768155879830076
2018-03-06T02:54:17.7,8.831e-05,8.865e-05,8.835e-05,220.02537766,246,274,11304.87999999,5871,2576,2304.0675036,0.998333952799117,3.461548699396327,23.581656353529976
2018-03-06T02:54:48.717,8.83e-05,8.831e-05,8.83e-05,220.57344685,243,275,11304.87999999,5866,2574,2304.06293694,0.9982209039991171,2.344231970860693,24.032349531200673
2018-03-06T02:55:19.14,8.808e-05,8.813e-05,8.808e-05,220.97490086,236,278,11308.26,5865,2574,2304.22995872,0.9960315408,9.778682167884845,24.177813689431673
2018-03-06T02:55:49.31,8.831e-05,8.865e-05,8.831e-05,221.12102516,239,275,11275.0,5864,2573,2304.29895399,0.99569525,3.0083451615842325,18.530124183490585
2018-03-06T02:56:21,8.865e-05,8.865e-05,8.831e-05,221.32610884,243,286,11280.1,5865,2573,2304.33018541,0.999980865,4.294054805595703,17.213604379883748
2018-03-06T02:56:52.623,8.865e-05,8.914e-05,8.865e-05,221.60562015,250,281,11280.1,5865,2573,2304.33018541,0.999980865,2.3536382504744036,28.87850079609266
2018-03-06T02:57:22.92,8.96e-05,8.96e-05,8.865e-05,221.63720906,254,281,11280.1,5865,2573,2304.33018541,1.01069696,9.6487436721304,34.637569500949986
2018-03-06T02:57:54.613,8.914e-05,8.957e-05,8.914e-05,221.72663168,256,292,11280.1,5865,2573,2304.33018541,1.0055081140000002,2.321981660585087,17.29550901476259
2018-03-06T02:58:25.513,8.914e-05,8.956e-05,8.914e-05,221.80043122,257,287,11280.1,5865,2573,2304.33018541,1.0055081140000002,2.3716855052877253,28.62497511848374
2018-03-06T02:58:56.47,8.956e-05,8.956e-05,8.914e-05,222.33080809,249,277,11280.1,5863,2575,2304.21485098,1.010245756,3.540507782910743,55.14046917609464
2018-03-06T02:59:28.017,8.914e-05,8.914e-05,8.866e-05,222.48189921,244,281,11280.0,5860,2578,2303.83416127,1.0054992,3.932391314191246,23.932664816804152
2018-03-06T02:59:57.82,8.866e-05,8.913e-05,8.866e-05,223.2664468,252,299,11280.0,5859,2578,2304.48620061,1.0000848,3.3370649058146054,24.267097350286758
2018-03-06T03:00:29.773,8.865e-05,8.912e-05,8.865e-05,223.63264456,256,304,11275.5,5859,2578,2304.31196577,0.999573075,3.724489146645762,16.83825749686822
2018-03-06T03:01:00.32,8.865e-05,8.912e-05,8.866e-05,223.74883374,250,300,11280.0,5861,2577,2305.1377721,0.999972,3.5390611815366237,32.94147184166832
2018-03-06T03:01:31.96,8.865e-05,8.864e-05,8.832e-05,224.05054684,236,295,11280.0,5861,2577,2305.1377721,0.999972,9.356661349808299,22.578346887810152
2018-03-06T03:02:02.713,8.91e-05,8.91e-05,8.865e-05,224.23243402,243,301,11280.0,5860,2576,2303.64433589,1.005048,4.48863380397804,33.330039996598664
2018-03-06T03:02:33.26,8.909e-05,8.909e-05,8.865e-05,224.74767827,244,297,11280.0,5864,2575,2303.66118084,1.0049352,4.390967642240717,55.68224476426316
2018-03-06T03:03:04.297,8.909e-05,8.909e-05,8.865e-05,224.81480179,245,300,11279.0,5865,2579,2303.62884594,1.0048461100000001,3.293638647073178,56.061543445175175
2018-03-06T03:03:34.953,8.905e-05,8.9e-05,8.866e-05,224.83098262,253,307,11279.0,5864,2577,2303.81518905,1.00439495,2.025406073614859,24.533167435413276
2018-03-06T03:04:17.82,8.865e-05,8.898e-05,8.865e-05,225.2497622,258,323,11234.88,5853,2579,2302.96523576,0.9959721119999999,1.9082077026688404,17.62141723707897
2018-03-06T03:04:51.853,8.865e-05,8.865e-05,8.853e-05,225.67731223,254,318,11253.1,5862,2580,2302.85460569,0.9975873150000001,3.172964924671016,12.52359679843878
2018-03-06T03:05:23.433,8.853e-05,8.865e-05,8.854e-05,225.78043905,245,318,11234.88,5856,2579,2304.17090053,0.9946239263999999,2.888193695419017,17.29579997595186
2018-03-06T03:05:54.653,8.865e-05,8.865e-05,8.854e-05,225.89995365,249,310,11234.1,5855,2580,2302.76300331,0.9959029650000001,3.548571613550414,10.987349800516634
2018-03-06T03:06:21.293,8.898e-05,8.9e-05,8.898e-05,226.42111122,251,300,11284.0,5853,2578,2302.76777783,1.0040503200000002,1.4723917839125467,22.13532780410572
2018-03-06T03:06:56.377,8.9e-05,8.9e-05,8.855e-05,226.77968815,243,302,11234.10000001,5855,2579,2302.77909376,0.9998349000008899,1.221311061152834,32.95031973739961
2018-03-06T03:07:28.47,8.9e-05,8.899e-05,8.865e-05,226.80450084,247,310,11235.00000001,5855,2582,2301.865065,0.9999150000008901,1.8637635443928233,15.479038958063924
2018-03-06T03:07:58.693,8.865e-05,8.923e-05,8.865e-05,227.08510761,250,320,11233.1,5854,2582,2299.41658858,0.9958143150000001,1.3089460518272538,22.461116305271506
2018-03-06T03:08:35.907,8.865e-05,8.958e-05,8.867e-05,227.24112026,257,313,11234.09999997,5850,2582,2303.18276173,0.9959029649973404,3.219312934565486,10.961392090680476
2018-03-06T03:09:06.147,8.969e-05,8.96e-05,8.871e-05,227.76490917,253,300,11215.00000001,5844,2583,2304.8968239,1.005873350000897,2.5444116395970324,22.53599995170572
2018-03-06T03:09:37.857,8.96e-05,8.95e-05,8.872e-05,227.98230848,254,305,11215.00000001,5842,2584,2306.45007282,1.004864000000896,3.6968219071242787,15.844919755301255
2018-03-06T03:10:08.3,8.873e-05,8.949e-05,8.903e-05,228.07958452,252,302,11214.0,5841,2583,2306.75174709,0.99501822,2.4305668959583064,15.744003423105406
2018-03-06T03:10:39.4,8.903e-05,8.948e-05,8.903e-05,228.17817522,284,329,11215.0,5843,2581,2299.92491865,0.99847145,3.663112858712152,10.540082789861664
2018-03-06T03:11:11.043,8.903e-05,8.946e-05,8.903e-05,228.30590059,280,327,11225.0,5843,2582,2300.0252285,0.99936175,3.835812665000151,16.794467811244033
2018-03-06T03:11:46.483,8.945e-05,8.945e-05,8.903e-05,228.93872486,276,321,11232.97914073,5845,2582,2299.98746584,1.0047899841382986,3.5223983222477977,3.6752076779222387
2018-03-06T03:12:16.017,8.909e-05,8.943e-05,8.909e-05,228.96604405,277,311,11215.00000001,5846,2581,2300.16177367,0.999144350000891,3.803877164538881,16.66166702361211
2018-03-06T03:12:48.74,8.942e-05,8.939e-05,8.904e-05,229.36771955,272,317,11215.00000002,5848,2581,2300.26487492,1.0028453000017883,2.744732689179758,9.603221578082879
2018-03-06T03:13:23.087,8.96e-05,8.96e-05,8.94e-05,229.60032959,272,314,11215.00000002,5848,2580,2300.16178306,1.0048640000017919,3.524282852569774,19.63434121025032
2018-03-06T03:13:53.247,8.94e-05,8.94e-05,8.939e-05,229.67771751,277,317,11215.00000002,5851,2579,2300.16754744,1.002621000001788,3.6921740503958116,19.229319690865463
2018-03-06T03:14:46.717,8.94e-05,8.94e-05,8.911e-05,229.81494318,283,325,11232.97914073,5853,2577,2301.16629951,1.004228335181262,2.6146880428753314,18.773773570026634
2018-03-06T03:15:18.49,8.96e-05,8.96e-05,8.914e-05,230.3084787,287,328,11230.0,5861,2577,2300.90836569,1.006208,1.437869731057464,18.499069715625236
2018-03-06T03:15:49.01,8.96e-05,8.96e-05,8.914e-05,230.42527882,283,325,11294.37999999,5864,2572,2300.79672857,1.011976447999104,2.2935570878629266,21.05893932914145
2018-03-06T03:16:19.15,8.96e-05,8.96e-05,8.925e-05,230.49286359,276,319,11288.16,5868,2575,2299.92989903,1.011419136,1.8767895902959526,18.612386455417674
2018-03-06T03:16:51.157,8.926e-05,8.96e-05,8.926e-05,230.50467115,272,322,11288.16,5869,2575,2297.52867601,1.0075811615999999,1.6829862985561688,21.088875643204144
2018-03-06T03:17:21.723,8.96e-05,8.96e-05,8.929e-05,230.61991976,278,316,11288.10999999,5868,2578,2297.52301763,1.011414655999104,1.4264224069183746,18.638557949180324
2018-03-06T03:17:53.553,8.998e-05,8.998e-05,8.96e-05,230.77976893,278,321,11235.0,5870,2580,2298.33723154,1.0109253,1.4424963074498511,21.155957619063788
2018-03-06T03:18:24.617,8.999e-05,9e-05,8.999e-05,231.09685939,273,317,11235.0,5871,2581,2298.36170136,1.01103765,1.017075735054235,18.509900240126143
2018-03-06T03:18:55.01,9.012e-05,9.012e-05,9.005e-05,232.56837196,276,316,11255.12000001,5871,2581,2299.1594843,1.0143114144009011,0.9893005479369754,28.31916690884409
2018-03-06T03:19:26.36,9.012e-05,9.012e-05,9.01e-05,233.45336786,272,323,11285.13899999,5872,2579,2299.13166982,1.0170167266790988,0.8864278284462146,21.649765337211583
2018-03-06T03:19:57.24,9.01e-05,9.013e-05,9.01e-05,234.39679543,274,321,11285.0,5875,2581,2299.44631139,1.0167785,1.3548611518663132,33.26612194656715
2018-03-06T03:20:26.583,9.001e-05,9.013e-05,9.001e-05,234.5913946,276,323,11270.0,5874,2579,2298.96496905,1.0144127,0.8325642940370308,21.20623434229867
2018-03-06T03:21:06.227,9.01e-05,9.013e-05,9.01e-05,234.98617421,279,321,11285.0,5870,2582,2298.52418299,1.0167785,0.3663172283942699,21.528525740680628
2018-03-06T03:21:37.573,9.011e-05,9.01e-05,9.003e-05,235.0253698,286,326,11285.0,5875,2582,2298.55214328,1.01689135,0.4532601017150663,15.970176282529552
2018-03-06T03:22:08.17,8.999e-05,8.999e-05,8.997e-05,235.14329202,265,323,11250.00000004,5875,2581,2298.13207955,1.0123875000035996,1.896812269844546,18.472343891740227
2018-03-06T03:22:38.653,8.999e-05,9.01e-05,9.003e-05,235.41478362,263,326,11250.00000004,5874,2581,2298.25197125,1.0123875000035996,0.684750765856807,15.89173495327959
2018-03-06T03:23:08.003,9.003e-05,9.01e-05,9.003e-05,235.47606235,276,329,11250.00000004,5871,2581,2298.42214342,1.0128375000036012,0.9926939690658066,15.986947027210038
2018-03-06T03:23:41.38,9.01e-05,9.01e-05,9.003e-05,235.63818617,270,323,11250.00000004,5867,2580,2299.27887327,1.013625000003604,0.9036626760124691,15.866160247976783
2018-03-06T03:24:11.467,9e-05,9.003e-05,8.999e-05,235.93207835,264,320,11250.00000004,5867,2581,2299.28767327,1.0125000000036,1.0510945936553808,18.342617624454718
2018-03-06T03:25:17.74,8.926e-05,8.926e-05,8.925e-05,236.93016692,254,328,11235.0,5868,2582,2299.28760141,1.0028361,0.8886121757506082,8.316556650251593
2018-03-06T03:25:45.817,8.9e-05,8.9e-05,8.874e-05,237.05631194,254,327,11235.0,5874,2584,2299.1203921,0.999915,2.5847738819160977,17.939113946780182
2018-03-06T03:26:20.053,8.874e-05,8.926e-05,8.9e-05,237.0762104,256,322,11235.0,5878,2583,2301.23673737,0.9969938999999999,1.4839783003343712,15.538968062326688
2018-03-06T03:26:50.477,8.901e-05,8.926e-05,8.901e-05,237.3515869,256,324,11269.94999995,5875,2586,2302.75372552,1.0031382494955496,1.7156322838745077,18.112136421197352
2018-03-06T03:27:22.663,8.902e-05,8.999e-05,8.926e-05,237.37269009,255,326,11235.0,5878,2585,2302.73884844,1.0001397,1.2369710298684249,18.35734342880039
2018-03-06T03:27:52.617,8.999e-05,8.999e-05,8.926e-05,237.4921069,261,317,11235.00000006,5879,2588,2299.18218693,1.0110376500053992,1.298178534038422,15.535637728118633
2018-03-06T03:28:23,8.999e-05,8.999e-05,8.926e-05,237.57872621,258,324,11235.00000013,5877,2588,2299.51990081,1.0110376500116987,1.0680967159013663,15.9592947994407
2018-03-06T03:28:54.703,8.997e-05,8.999e-05,8.997e-05,237.79112771,260,324,11237.05,5878,2589,2299.35871612,1.0109973884999999,1.405783095722824,17.91073949745133
2018-03-06T03:29:25.703,8.997e-05,9e-05,8.997e-05,238.16883808,266,319,11269.99999999,5881,2590,2295.85795319,1.0139618999991002,1.326815870079793,21.270373355961432
2018-03-06T03:29:56.64,8.997e-05,9e-05,8.997e-05,238.18398796,268,326,11268.04999999,5878,2590,2295.97786354,1.0137864584991003,1.5202172081848995,21.270373589406102
2018-03-06T03:30:28.723,8.928e-05,9.009e-05,8.928e-05,238.34350557,270,317,11238.0,5880,2589,2295.99124819,1.0033286399999999,2.160063471796662,21.232055324874484
2018-03-06T03:30:58.77,9.008e-05,9.008e-05,8.93e-05,238.61222435,268,316,11237.05,5876,2589,2295.92534027,1.012233464,2.675680436471038,18.253971802076755
2018-03-06T03:31:30.057,9.009e-05,9.008e-05,8.929e-05,238.68417,269,314,11237.05,5880,2588,2295.93227746,1.0123458345,1.719653371966558,17.722784828607487
2018-03-06T03:32:00.9,8.929e-05,9.004e-05,8.933e-05,239.91094774,268,319,11237.2,5878,2591,2295.8008047,1.003369588,1.9077785545209667,15.414726442267948
2018-03-06T03:32:32.873,8.933e-05,8.933e-05,8.932e-05,240.20869305,266,323,11237.05,5877,2589,2296.0097503,1.0038056764999999,1.6738954318210588,17.94500038784951
2018-03-06T03:33:03.967,8.933e-05,9.004e-05,8.934e-05,240.44255452,264,321,11237.05,5877,2589,2296.0097503,1.0038056764999999,1.5331694852917315,15.286380689359655
2018-03-06T03:33:34.91,9.004e-05,8.95e-05,8.935e-05,240.44415655,267,322,11237.05,5877,2589,2296.0097503,1.0117839819999999,1.300556633247301,8.349299632247245
2018-03-06T03:34:06.723,9e-05,9e-05,8.931e-05,241.08761685,274,336,11237.05,5876,2590,2295.93276026,1.0113345,1.1020916504791725,15.362272326802465
2018-03-06T03:34:37.68,8.932e-05,9e-05,8.936e-05,241.15634994,275,330,11247.0,5876,2591,2294.56646633,1.00458204,0.693243395480538,15.372575365059667
2018-03-06T03:35:06.57,8.932e-05,9e-05,8.933e-05,241.46733434,273,327,11247.0,5876,2591,2294.56646633,1.00458204,1.0488445065043364,15.561338140586603
2018-03-06T03:35:47.65,8.932e-05,8.996e-05,8.938e-05,241.46733434,273,327,11247.0,5881,2590,2293.84799463,1.00458204,0.38411709917800907,6.157577521363472
2018-03-06T03:36:18.497,8.994e-05,8.99e-05,8.939e-05,241.46823374,273,336,11247.0,5881,2590,2293.07090402,1.01155518,0.4799480803927714,8.748217881363669
2018-03-06T03:36:49.17,8.989e-05,8.989e-05,8.939e-05,241.6146852,264,327,11240.0,5882,2590,2293.13506495,1.0103636,0.8625465880626993,18.270676000947986
2018-03-06T03:37:20.843,8.926e-05,8.989e-05,8.926e-05,241.85435906,252,320,11247.0,5883,2591,2293.10646966,1.0039072199999999,0.720755557273785,15.81344221479039
2018-03-06T03:37:51.267,8.926e-05,8.942e-05,8.926e-05,242.02936709,251,327,11247.0,5888,2592,2293.03092855,1.0039072199999999,0.9760979434813635,7.724317406336015
2018-03-06T03:38:22.38,8.901e-05,8.901e-05,8.873e-05,242.07067152,252,328,11247.0,5890,2594,2292.84679249,1.00109547,2.3530207665417677,10.055055674599366
2018-03-06T03:38:54.23,8.988e-05,8.938e-05,8.874e-05,242.23156318,250,322,11247.0,5889,2594,2292.12997698,1.01088036,0.9639316841086116,7.5324606581630595
2018-03-06T03:39:25.107,8.873e-05,8.873e-05,8.871e-05,242.54563606,265,337,11268.04999999,5893,2593,2292.0036483,0.9998140764991127,2.0777051457848743,9.820665822441216
2018-03-06T03:39:55.127,8.852e-05,8.873e-05,8.852e-05,242.72010588,250,332,11267.74999998,5894,2595,2292.04557062,0.9974212299982296,3.006335784081527,7.586552409891884
2018-03-06T03:40:26.317,8.852e-05,8.852e-05,8.85e-05,242.86985093,241,327,11267.74999998,5893,2595,2288.86765214,0.9974212299982296,3.1023432855923017,20.54409024390326
2018-03-06T03:40:58.427,8.852e-05,8.852e-05,8.851e-05,242.88238415,247,327,11267.74999998,5893,2595,2286.90481793,0.9974212299982296,3.190659862468074,7.99982992455545
2018-03-06T03:41:29.38,8.852e-05,8.873e-05,8.852e-05,243.29875213,242,326,11267.74999998,5893,2595,2286.90481793,0.9974212299982296,4.23613058601511,20.215967615466894
2018-03-06T03:42:01.317,8.855e-05,8.873e-05,8.855e-05,243.31542262,247,326,11269.04999999,5896,2592,2286.97893917,0.9978743774991145,3.9010129054433658,17.775487991838027
2018-03-06T03:42:32.223,8.873e-05,8.975e-05,8.873e-05,243.38853613,255,318,11270.0,5892,2593,2285.36954414,0.9999871,3.2984312580241153,8.257893805880748
2018-03-06T03:43:03.537,8.873e-05,8.975e-05,8.873e-05,243.38853613,255,318,11280.0,5892,2590,2284.27930255,1.0008744,4.1417899105249285,10.716358646882865
2018-03-06T03:43:33.833,8.873e-05,8.873e-05,8.856e-05,243.42443977,251,326,11283.0,5892,2589,2284.35005876,1.0011405899999999,4.145189108931695,8.067225352220092
2018-03-06T03:44:04.46,8.856e-05,8.873e-05,8.856e-05,243.42709657,251,319,11294.37999998,5891,2584,2284.49600089,1.0002302927982287,3.646932514733712,5.51347254220139
2018-03-06T03:44:35.193,8.857e-05,8.857e-05,8.856e-05,243.46665795,253,321,11294.3,5887,2587,2279.47389742,1.000336151,2.6600768280888976,7.689406043418734
2018-03-06T03:45:07.853,8.852e-05,8.84e-05,8.805e-05,243.56030689,244,328,11283.0,5887,2589,2278.67045109,0.99877116,8.135393271859037,2.857811417367451
2018-03-06T03:45:39.227,8.804e-05,8.805e-05,8.804e-05,246.63283623,247,334,11250.201,5887,2591,2278.60092962,0.99046769604,6.6856666685999615,0.9418973235348456
2018-03-06T03:46:17.387,8.804e-05,8.805e-05,8.804e-05,247.05912819,245,337,11250.201,5887,2591,2278.60092962,0.99046769604,7.187792211883809,0.6980995911932317
2018-03-06T03:46:49.313,8.84e-05,8.84e-05,8.805e-05,247.69893313,245,321,11240.0,5881,2589,2282.74474376,0.9936159999999999,8.138882037976499,8.676149261433618
2018-03-06T03:47:20.873,8.805e-05,8.84e-05,8.805e-05,247.74262195,250,327,11285.47689998,5884,2589,2281.78954214,0.993686241043239,8.137464938069716,1.1472497769352585
2018-03-06T03:47:50.203,8.804e-05,8.84e-05,8.804e-05,247.96341492,249,314,11285.47689998,5884,2589,2281.78954214,0.9935733862742392,7.753039650703957,5.931198671411491
2018-03-06T03:48:22.61,8.805e-05,8.856e-05,8.805e-05,248.07628635,256,310,11243.32299237,5880,2589,2282.34116794,0.9899745894781785,8.821801379810598,9.315325202016643
2018-03-06T03:49:00.82,8.856e-05,8.974e-05,8.856e-05,248.13649904,256,306,11288.47689996,5884,2589,2282.31622641,0.9997075142604577,2.3442644428814483,16.432992799169554
2018-03-06T03:49:31.43,8.975e-05,8.974e-05,8.856e-05,248.23805641,257,299,11290.0,5888,2588,2280.76919515,1.0132775,2.1334295513692094,19.81946924102056
2018-03-06T03:50:02.39,8.856e-05,8.938e-05,8.856e-05,248.76187701,258,309,11294.37999996,5888,2589,2282.67213966,1.0002302927964577,1.4343842547088137,6.466777432070677
2018-03-06T03:50:33.563,8.856e-05,8.938e-05,8.88e-05,249.10934122,260,311,11294.37999996,5888,2589,2282.67213966,1.0002302927964577,2.5393565640410674,9.188317477975566
2018-03-06T03:51:04.33,8.938e-05,8.971e-05,8.938e-05,249.11141384,264,309,11294.37999996,5888,2589,2282.67213966,1.0094916843964248,2.600963867748785,19.007326437281023
2018-03-06T03:51:35.397,8.971e-05,8.971e-05,8.938e-05,249.18132442,263,310,11294.37999996,5888,2589,2282.67213966,1.0132188297964115,2.2160632828863474,16.55661574259165
2018-03-06T03:52:06.917,8.971e-05,8.966e-05,8.88e-05,249.21598586,254,307,11294.37999996,5893,2588,2276.91765886,1.0132188297964115,1.3718379909192095,9.455075451952709
2018-03-06T03:52:37.123,8.965e-05,8.964e-05,8.88e-05,249.2224077,256,311,11294.37999996,5895,2588,2276.96225837,1.012541166996414,0.7819058383756207,6.720013488769095
2018-03-06T03:53:08.233,8.88e-05,8.919e-05,8.88e-05,250.17381645,250,310,11294.37999996,5893,2591,2276.98115879,1.002940943996448,1.5350410521229285,9.259138878886858
2018-03-06T03:53:40.163,8.847e-05,8.919e-05,8.847e-05,250.31436282,255,307,11294.37999996,5893,2589,2276.83033612,0.9992137985964612,2.0174102116527997,9.389512352367111
2018-03-06T03:54:11.29,8.858e-05,8.858e-05,8.847e-05,250.38635856,257,320,11294.37999996,5894,2588,2276.81244913,1.0004561803964567,1.6749710683327064,5.665579070103522
2018-03-06T03:54:43.327,8.809e-05,8.809e-05,8.808e-05,251.04560131,257,330,11294.37999996,5894,2588,2276.81244913,0.9949219341964765,1.6376082608835127,0.9170590243472005
2018-03-06T03:55:14.607,8.809e-05,8.809e-05,8.808e-05,251.0847484,251,315,11266.80864,5893,2593,2276.67023333,0.9924931730976,7.262091268810139,1.128058617930299
2018-03-06T03:55:44.5,8.807e-05,8.809e-05,8.807e-05,251.20138636,246,320,11252.0,5893,2592,2276.65314337,0.99096364,7.912072278608761,8.715713654669901
2018-03-06T03:56:47.973,8.86e-05,8.919e-05,8.86e-05,251.25723173,249,320,11250.0,5889,2593,2282.4892692,0.99675,2.234192656104603,9.503346603635018
2018-03-06T03:57:19.16,8.919e-05,8.923e-05,8.919e-05,251.26121661,249,314,11250.00000011,5887,2594,2282.68341298,1.003387500009811,1.0660097634875494,6.969978022564485
2018-03-06T03:57:50.67,8.928e-05,8.94e-05,8.928e-05,251.35704489,259,320,11250.0,5887,2593,2282.83672338,1.0044,1.139433364660335,9.892166122831428
2018-03-06T03:58:22.2,8.939e-05,8.939e-05,8.811e-05,251.49066208,249,319,11250.00000011,5888,2593,2283.86424541,1.0056375000098328,1.0739176569121502,7.718394803261066
2018-03-06T03:58:52.263,8.935e-05,8.92e-05,8.811e-05,251.53360407,249,316,11250.0,5890,2595,2283.31365525,1.0051875000000001,0.7980643737163968,9.34949989159241
2018-03-06T03:59:23.483,8.811e-05,8.934e-05,8.812e-05,251.70653756,255,320,11255.0,5892,2590,2283.24803581,0.99167805,1.2505362489767626,10.231367159439628
2018-03-06T03:59:54.203,8.811e-05,8.934e-05,8.814e-05,251.70653756,255,320,11255.0,5892,2590,2283.24803581,0.99167805,1.336127028776015,7.704558341265677
2018-03-06T04:00:24.517,8.811e-05,8.917e-05,8.857e-05,251.70653756,255,320,11294.0,5900,2590,2283.16350395,0.99511434,1.4288830633483145,1.8243634736062013
2018-03-06T04:00:56.457,8.917e-05,8.917e-05,8.857e-05,251.9303955,270,335,11294.0,5900,2590,2283.16350395,1.00708598,1.627335101090726,1.188958195435898
2018-03-06T04:01:27.117,8.916e-05,8.922e-05,8.917e-05,251.99654549,257,331,11294.0,5900,2590,2283.16350395,1.0069730399999999,1.5162880972649186,1.2589433651575839
2018-03-06T04:01:58.16,8.938e-05,8.939e-05,8.938e-05,252.44581516,261,322,11294.0,5896,2591,2282.7053566,1.0094577200000001,1.1620166360669602,7.54747043644812
2018-03-06T04:02:28.833,8.939e-05,8.939e-05,8.938e-05,252.48723856,260,325,11294.0,5893,2591,2281.79164215,1.00957066,0.9954843334454908,10.031511546173505
2018-03-06T04:03:00.133,8.939e-05,8.94e-05,8.939e-05,252.63763346,257,328,11294.0,5893,2591,2281.79164215,1.00957066,0.7184808234477998,7.8929510567605465
2018-03-06T04:03:30.727,8.94e-05,8.94e-05,8.939e-05,252.80452346,260,327,11294.0,5894,2592,2280.42263237,1.0096836,1.1336094738100884,7.330973214232974
2018-03-06T04:04:01.93,8.94e-05,8.95e-05,8.94e-05,252.89483937,271,333,11290.0,5898,2591,2281.16807485,1.009326,0.4945742497169412,7.031915877743316
2018-03-06T04:04:31.98,8.968e-05,8.968e-05,8.94e-05,254.31061115,262,327,11290.0,5897,2592,2280.90600807,1.0124872,0.7836118147087475,9.27551934602865
2018-03-06T04:05:03.34,8.968e-05,8.968e-05,8.945e-05,254.55513925,258,320,11260.0,5901,2591,2276.62213366,1.0097968,0.6715008165008344,7.295035178208821
2018-03-06T04:05:35.323,8.94e-05,8.965e-05,8.94e-05,254.84066586,263,319,11294.0,5908,2590,2276.64935923,1.0096836,1.689542074718453,10.127695417471374
2018-03-06T04:06:04.4,8.94e-05,8.94e-05,8.916e-05,255.03696707,264,318,11290.0,5910,2589,2276.93633596,1.009326,2.0008253872533066,7.1606066841332545
2018-03-06T04:06:37.34,8.94e-05,8.965e-05,8.948e-05,255.05515938,260,318,11294.0,5910,2589,2276.96463868,1.0096836,1.53349397063292,10.175191819036424
2018-03-06T04:07:22.263,8.916e-05,8.965e-05,8.916e-05,255.19894068,271,327,11294.0,5914,2588,2276.54561498,1.0069730399999999,1.007247141139547,9.709042509993058
2018-03-06T04:07:54.363,8.958e-05,8.965e-05,8.958e-05,255.28654498,278,332,11290.0,5912,2590,2276.68554386,1.0113582,0.984873558434502,7.508828797980114
2018-03-06T04:08:25.443,8.958e-05,8.965e-05,8.958e-05,255.31822002,269,324,11290.0,5913,2592,2276.76626219,1.0113582,0.9475566359812825,10.114744857888393
2018-03-06T04:08:56.413,8.958e-05,8.965e-05,8.957e-05,255.3244797,265,325,11265.19,5914,2591,2276.74188055,1.0091357202000002,0.9941391895121484,17.42690422253802
2018-03-06T04:09:27.463,8.957e-05,8.957e-05,8.917e-05,255.36641624,258,326,11290.0,5919,2589,2277.14860088,1.0112453,1.248265204627864,9.760559919043727
2018-03-06T04:09:58.447,8.917e-05,8.957e-05,8.917e-05,255.40834354,264,319,11294.0,5920,2589,2277.19723841,1.00708598,0.907836266365479,7.730182005964628
2018-03-06T04:10:29.747,8.917e-05,8.956e-05,8.917e-05,255.46119685,269,320,11290.0,5919,2593,2277.38681467,1.0067293,0.8362088946476405,9.861245464090299
2018-03-06T04:11:00.7,8.917e-05,8.917e-05,8.916e-05,255.76575427,263,332,11290.0,5921,2594,2277.07425645,1.0067293,0.7468879040642178,5.897578486346558
2018-03-06T04:11:31.517,8.916e-05,8.916e-05,8.857e-05,255.91499525,248,317,11290.0,5921,2594,2277.07425645,1.0066164,0.48086336046947653,6.990142285235294
2018-03-06T04:12:02.157,8.857e-05,8.914e-05,8.857e-05,255.92158463,250,318,11290.0,5920,2595,2273.51031969,0.9999553,0.47905348293529193,8.551254864510192
2018-03-06T04:12:33.19,8.823e-05,8.896e-05,8.857e-05,256.03672764,248,318,11290.0,5921,2594,2273.27570402,0.9961167,0.708168492681037,5.909263104626835
2018-03-06T04:13:04.723,8.857e-05,8.857e-05,8.831e-05,256.0526887,268,339,11290.0,5921,2594,2273.27570402,0.9999553,0.7964262586265037,8.169352172766912
2018-03-06T04:13:35.817,8.857e-05,8.896e-05,8.857e-05,256.25100682,263,324,11290.0,5921,2594,2273.27570402,0.9999553,0.6871208907383415,5.408528473368469
2018-03-06T04:14:05.77,8.914e-05,8.914e-05,8.857e-05,256.25774584,254,325,11300.0,5920,2583,2256.88730817,1.007282,0.8743175240713218,9.040940624085572
2018-03-06T04:14:36.963,8.914e-05,8.955e-05,8.914e-05,256.32891693,255,325,11290.0,5919,2584,2257.48427227,1.0063906,0.8506080832982013,6.644372884276245
2018-03-06T04:15:07.65,8.954e-05,8.954e-05,8.857e-05,256.42626872,255,325,11329.99999999,5920,2585,2257.43055555,1.0144881999991044,1.1689832351249407,9.083351502602405
2018-03-06T04:15:36.857,8.857e-05,8.954e-05,8.858e-05,256.5982457,257,323,11310.0,5922,2586,2256.15640693,1.0017267,1.069953070044873,8.324425627122048
2018-03-06T04:16:09.967,8.865e-05,8.953e-05,8.865e-05,256.59910753,259,323,11310.0,5924,2586,2256.26905405,1.0026315,1.0158825182858775,5.801648987413023
2018-03-06T04:16:39.89,8.953e-05,8.954e-05,8.953e-05,256.67580424,256,320,11310.0,5923,2584,2256.48590084,1.0125843,1.4776588047062678,6.584935797706527
2018-03-06T04:17:14.253,8.954e-05,8.954e-05,8.866e-05,256.93069135,254,320,11310.0,5925,2581,2258.55507379,1.0126974,1.4870645446963089,6.541810697304985
2018-03-06T04:17:49.69,8.953e-05,8.896e-05,8.865e-05,256.942367,259,322,11325.0,5924,2583,2258.58910235,1.01392725,1.3519387757265235,7.969386906259343
2018-03-06T04:18:19.923,8.865e-05,8.929e-05,8.865e-05,256.95154455,265,337,11325.0,5924,2584,2258.56199928,1.00396125,1.499767499601689,5.52101996679285
2018-03-06T04:18:51.003,8.95e-05,8.95e-05,8.929e-05,257.12701584,269,334,11325.0,5924,2584,2258.56199928,1.0135874999999999,1.4541907383339912,5.638537604465668
2018-03-06T04:19:22.053,8.95e-05,8.95e-05,8.929e-05,257.19726457,265,329,11325.0,5927,2584,2258.08821366,1.0135874999999999,1.4413126449378653,9.217370268829123
2018-03-06T04:19:53.26,8.947e-05,8.947e-05,8.929e-05,257.23755199,261,329,11328.0,5924,2586,2257.20930018,1.01351616,1.116246845111521,5.671179583433969
2018-03-06T04:20:24.12,8.947e-05,8.896e-05,8.831e-05,257.46645874,265,343,11325.0,5924,2589,2257.23474632,1.01324775,1.4962389334862254,8.10555696606324
2018-03-06T04:20:56.573,8.896e-05,8.947e-05,8.896e-05,257.4670675,260,335,11328.0,5925,2587,2257.24906069,1.00773888,1.5573157501401707,5.611472204386187
2018-03-06T04:21:26.543,8.896e-05,8.947e-05,8.831e-05,257.4670675,260,335,11333.0,5924,2582,2257.30815678,1.00818368,1.6115416022545277,8.105686027332844
2018-03-06T04:21:57.67,8.898e-05,8.947e-05,8.898e-05,257.47051818,270,332,11339.0,5922,2580,2257.61519803,1.00894422,1.786385722348412,5.523122084988748
2018-03-06T04:22:28.84,8.898e-05,8.947e-05,8.898e-05,257.50333422,264,332,11350.0,5922,2573,2263.2875227,1.0099230000000001,1.5951202540029106,5.782938901839669
2018-03-06T04:23:03.47,8.899e-05,8.899e-05,8.831e-05,257.61566155,264,331,11350.0,5921,2577,2265.79030856,1.0100365,1.479769537346537,5.959986249096348
2018-03-06T04:23:33.817,8.899e-05,8.899e-05,8.831e-05,257.64788967,269,328,11350.0,5920,2575,2267.43082824,1.0100365,1.6084983054263071,5.947656965520379
2018-03-06T04:24:05.3,8.899e-05,8.899e-05,8.832e-05,257.82238347,264,333,11356.0,5917,2580,2267.90966513,1.01057044,1.7347141358499807,8.252939598908297
2018-03-06T04:24:35.427,8.899e-05,8.899e-05,8.832e-05,258.01719207,276,340,11360.0,5916,2579,2270.4530513,1.0109264,1.7347141358499807,5.582202194586379
2018-03-06T04:25:07.243,8.832e-05,8.899e-05,8.832e-05,258.08454641,269,331,11350.0,5915,2581,2270.23538555,1.002432,1.636305322803625,8.030849818419673
2018-03-06T04:25:37.54,8.832e-05,8.899e-05,8.835e-05,258.13960123,267,326,11358.99999999,5922,2581,2269.26547935,1.0032268799991166,1.6772982579248132,5.5741774536229975
2018-03-06T04:26:08.78,8.832e-05,8.899e-05,8.835e-05,258.22606666,265,327,11350.00000001,5922,2580,2269.06400834,1.0024320000008833,1.7482408590301979,5.5014686180280625
2018-03-06T04:26:40.767,8.832e-05,8.832e-05,8.831e-05,258.53701901,260,330,11333.0,5919,2580,2269.76232044,1.00093056,1.5072745847283981,5.892391431987425
2018-03-06T04:27:11.563,8.83e-05,8.899e-05,8.83e-05,258.92865291,258,331,11333.0,5922,2585,2269.65811613,1.0007039,1.084332953733255,8.000082131933112
2018-03-06T04:27:42.713,8.898e-05,8.897e-05,8.825e-05,259.0223672,252,324,11333.0,5922,2585,2269.65811613,1.00841034,1.0530983987744524,5.572820674644936
2018-03-06T04:28:19.497,8.825e-05,8.898e-05,8.825e-05,259.39263978,242,321,11333.20000002,5924,2586,2269.42991168,1.000154900001765,0.6987822723213025,9.133595192842954
2018-03-06T04:28:50.81,8.825e-05,8.898e-05,8.825e-05,259.39405178,249,327,11335.1,5924,2585,2269.65937068,1.000322575,0.6693198571942759,6.256934175011508
2018-03-06T04:29:21.233,8.825e-05,8.898e-05,8.825e-05,259.48380403,245,322,11354.0,5926,2583,2268.62653289,1.0019905,0.8656136567271487,9.153382050890947
2018-03-06T04:29:53.11,8.898e-05,8.898e-05,8.825e-05,259.52829402,250,320,11354.0,5926,2582,2268.72947459,1.01027892,0.9170136432599136,3.408488063725816
2018-03-06T04:30:24.533,8.899e-05,8.899e-05,8.825e-05,259.56487834,234,310,11340.0,5929,2587,2268.21219739,1.0091466,0.8151637732623312,6.829465467054762
2018-03-06T04:30:58.037,8.899e-05,8.899e-05,8.825e-05,259.56487834,234,310,11335.0,5924,2586,2269.37564757,1.00870165,1.2254909475312492,11.308324651816266
2018-03-06T04:31:29.287,8.899e-05,8.899e-05,8.825e-05,259.56487834,234,310,11339.99999999,5916,2585,2265.62280085,1.00914659999911,1.3836073814461967,13.014326209870418
2018-03-06T04:32:00.307,8.826e-05,8.899e-05,8.826e-05,259.59076189,239,307,11339.99999999,5914,2585,2265.32411329,1.0008683999991173,1.4206439606207075,10.272420499888387
2018-03-06T04:32:31.513,8.826e-05,8.899e-05,8.826e-05,259.59076189,239,307,11339.99999999,5918,2584,2266.53678462,1.0008683999991173,1.2156565002009814,14.021217905335963
2018-03-06T04:33:06.593,8.826e-05,8.899e-05,8.83e-05,259.59076189,239,307,11353.99999999,5922,2583,2265.55502372,1.0021040399991172,1.287893246912861,9.5604541894556
2018-03-06T04:33:37.567,8.826e-05,8.899e-05,8.83e-05,259.59076189,239,307,11353.99999999,5925,2582,2265.60213818,1.0021040399991172,1.3117639601292688,14.060942753523392
2018-03-06T04:34:07.723,8.83e-05,8.898e-05,8.83e-05,259.59705824,246,309,11355.0,5927,2580,2265.7554895,1.0026465,1.1265162477107549,9.57467751814169
2018-03-06T04:34:38.67,8.83e-05,8.898e-05,8.83e-05,259.629266,251,307,11355.0,5927,2579,2265.77386857,1.0026465,1.977515186543364,9.601155772253659
2018-03-06T04:35:09.743,8.83e-05,8.896e-05,8.831e-05,259.63332378,249,311,11355.0,5929,2579,2265.58217129,1.0026465,1.7996914903137202,13.98537841693495
2018-03-06T04:35:39.71,8.896e-05,8.895e-05,8.831e-05,259.64286031,255,307,11340.827382,5922,2581,2267.38027048,1.00888000390272,1.8399015651265924,9.598709097696169
2018-03-06T04:36:12.123,8.894e-05,8.893e-05,8.832e-05,259.65487077,254,307,11328.0,5912,2586,2267.57815839,1.00751232,1.9894297982581084,14.257594120137236
2018-03-06T04:36:42.25,8.894e-05,8.893e-05,8.833e-05,259.65487077,254,307,11325.0,5916,2586,2274.41403622,1.0072455,2.098934096222351,10.15244068354
2018-03-06T04:37:14.22,8.833e-05,8.893e-05,8.833e-05,259.65855045,246,311,11300.0,5912,2587,2274.72249284,0.998129,1.146148269031533,10.125329535155915
2018-03-06T04:37:45.283,8.893e-05,8.894e-05,8.893e-05,259.96709075,246,311,11300.0,5911,2588,2274.32879215,1.004909,1.6759765450728772,10.04783564194746
2018-03-06T04:38:49.52,8.895e-05,8.895e-05,8.894e-05,260.20708601,239,310,11307.49999998,5913,2595,2272.24263976,1.005802124998221,1.6675156708816035,14.813170686638879
2018-03-06T04:39:21.367,8.894e-05,8.894e-05,8.834e-05,260.27512921,236,312,11307.49999998,5912,2595,2269.81242325,1.0056890499982212,1.6560717049521556,9.999372536400712
2018-03-06T04:39:50.447,8.891e-05,8.891e-05,8.834e-05,260.52216771,229,313,11307.49999998,5911,2594,2269.92565562,1.0053498249982218,1.5759628481019006,14.41829413273851
2018-03-06T04:40:23.4,8.895e-05,8.899e-05,8.895e-05,260.69393641,231,306,11307.49999998,5911,2594,2269.92565562,1.005802124998221,2.2943711287922848,10.567350704719903
2018-03-06T04:40:53.433,8.899e-05,8.948e-05,8.899e-05,260.72007121,228,306,11307.49999998,5914,2597,2269.98418879,1.0062544249982202,1.8032581469950582,14.734540603969812
2018-03-06T04:41:24.73,8.948e-05,8.948e-05,8.837e-05,260.99045601,228,310,11300.0,5912,2598,2270.07306558,1.0111240000000001,1.9915209069259368,10.910607424797309
2018-03-06T04:41:58.78,8.948e-05,8.948e-05,8.838e-05,261.53317098,226,304,11307.49999998,5909,2600,2269.35045122,1.0117950999982104,2.078082678116092,15.015957791723201
2018-03-06T04:42:29.98,8.948e-05,8.948e-05,8.839e-05,261.98642035,230,308,11307.49999996,5909,2601,2269.03945525,1.011795099996421,1.5699239336380544,10.109147237240164
2018-03-06T04:43:01.287,8.948e-05,8.948e-05,8.839e-05,262.06364104,231,309,11307.0,5910,2603,2268.59496471,1.01175036,1.5699239336380544,10.03192664569091
2018-03-06T04:43:33.227,8.948e-05,8.948e-05,8.842e-05,262.17697348,227,308,11305.0,5910,2606,2266.70755848,1.0115714,1.561621000201703,10.065552177849515
2018-03-06T04:44:03.307,8.948e-05,8.95e-05,8.948e-05,262.30114396,234,305,11305.0,5909,2605,2266.57806068,1.0115714,1.1251070614909309,10.204498938284964
2018-03-06T04:44:34.667,8.95e-05,8.952e-05,8.95e-05,262.35505317,228,305,11300.0,5910,2606,2266.53255518,1.01135,1.8225985467387014,14.73202771551113
2018-03-06T04:45:05.247,8.95e-05,8.95e-05,8.94e-05,262.75302378,228,304,11300.0,5910,2606,2266.43997617,1.01135,1.0200761325887024,9.924585077597175
2018-03-06T04:45:36.293,8.95e-05,8.952e-05,8.95e-05,263.12544867,231,303,11301.0,5914,2605,2264.28676096,1.0114394999999998,1.0615147221223222,10.072016629129788
2018-03-06T04:46:10.56,8.952e-05,8.952e-05,8.95e-05,263.26332283,228,305,11305.0,5922,2603,2263.64341665,1.0120236,1.2746612368366805,14.592311670361154
2018-03-06T04:46:46.35,8.961e-05,8.96e-05,8.952e-05,263.52902725,230,307,11303.99999999,5925,2603,2264.16984161,1.012951439999104,1.2346389685946808,14.33785630684883
2018-03-06T04:47:17.847,8.957e-05,8.957e-05,8.952e-05,263.60862173,235,307,11304.0,5929,2605,2263.67580098,1.01249928,1.2346389685946808,19.107442732508716
2018-03-06T04:47:48.363,8.957e-05,8.957e-05,8.952e-05,263.64792778,239,301,11305.0,5924,2607,2262.86672032,1.01258885,1.6615724055049104,25.726277740548475
2018-03-06T04:48:20.223,8.957e-05,8.957e-05,8.956e-05,263.84172471,242,305,11305.0,5925,2603,2263.38612643,1.01258885,1.003945746544271,35.74218366017083
2018-03-06T04:49:19.15,8.957e-05,8.957e-05,8.956e-05,264.04760195,244,302,11320.00000001,5927,2604,2263.18118159,1.0139324000008958,1.2392531576363344,35.69989705802047
2018-03-06T04:49:50.527,8.956e-05,8.957e-05,8.952e-05,264.09070693,241,306,11320.00000001,5927,2604,2263.18118159,1.0138192000008956,1.4477307355300388,25.6615336255167
2018-03-06T04:50:21.51,8.957e-05,8.957e-05,8.952e-05,264.18089987,242,301,11320.00000001,5927,2604,2263.18118159,1.0139324000008958,0.7321396867046887,35.951585011063656
2018-03-06T04:50:52.667,8.952e-05,8.957e-05,8.952e-05,264.1823188,238,300,11320.00000001,5930,2602,2262.6483441,1.0133664000008953,0.7852232462596149,26.00392801575281
2018-03-06T04:51:24.573,8.95e-05,8.957e-05,8.95e-05,264.20100671,240,304,11320.00000001,5930,2602,2262.6483441,1.013140000000895,1.0238928243476941,25.72304682603086
2018-03-06T04:51:55,8.95e-05,8.956e-05,8.95e-05,264.6455666,239,301,11324.99999991,5935,2603,2262.02243599,1.013587499991945,1.075186192110589,19.592250570138706
2018-03-06T04:52:26.037,8.95e-05,8.956e-05,8.948e-05,264.99101929,234,306,11333.20000002,5939,2600,2261.63655559,1.01432140000179,0.7807613534749076,15.0910576166149
2018-03-06T04:52:56.177,8.956e-05,8.956e-05,8.899e-05,265.24942156,232,303,11333.20000002,5936,2599,2261.97880492,1.0150013920017913,1.3001775421248714,10.075978909965565
2018-03-06T04:53:28.007,8.838e-05,8.85e-05,8.838e-05,265.33273977,230,303,11340.04999999,5938,2597,2262.19357187,1.0022336189991163,1.248286262948335,14.498133789071817
2018-03-06T04:53:59.1,8.838e-05,8.95e-05,8.838e-05,265.39011421,233,305,11340.04999999,5938,2597,2262.19357187,1.0022336189991163,1.7361768810416618,10.077997972795927
2018-03-06T04:54:29.96,8.838e-05,8.9e-05,8.84e-05,265.39011421,233,305,11340.04999999,5938,2597,2262.19357187,1.0022336189991163,2.0607679417612257,14.738800361326975
2018-03-06T04:55:00.85,8.838e-05,8.9e-05,8.84e-05,265.39011421,233,305,11322.0,5942,2596,2261.41255476,1.00063836,2.0839198857959853,10.244127874406741
2018-03-06T04:55:29.4,8.84e-05,8.9e-05,8.84e-05,265.4396502,238,301,11321.87,5942,2598,2258.18301646,1.000853308,2.036149777036689,14.737777994645073
2018-03-06T04:56:02.78,8.899e-05,8.9e-05,8.899e-05,265.44733986,247,307,11314.99999991,5939,2600,2258.19638798,1.006921849991991,1.9886109026112286,10.288064415893587
2018-03-06T04:56:33.483,8.899e-05,8.9e-05,8.899e-05,265.47120831,245,306,11314.99999991,5939,2601,2259.74547297,1.006921849991991,2.4409405821899575,14.772133139560118
2018-03-06T04:57:07.25,8.899e-05,8.9e-05,8.899e-05,265.56175178,238,303,11314.99999991,5938,2604,2259.94089205,1.006921849991991,1.8704542183951185,10.288011830765983
2018-03-06T04:57:38.253,8.9e-05,8.95e-05,8.9e-05,265.57866948,244,305,11305.0,5938,2601,2259.87532351,1.0061449999999998,2.017463247282115,10.487312005444531
2018-03-06T04:58:09.27,8.945e-05,8.945e-05,8.9e-05,265.57917895,240,303,11310.0,5937,2602,2259.93960343,1.0116795,2.0109440344689617,10.338598394168837
2018-03-06T04:58:41.38,8.945e-05,8.945e-05,8.9e-05,266.84577225,243,300,11310.0,5937,2602,2259.93960343,1.0116795,1.9615197086573612,14.9095084622152
2018-03-06T04:59:13.527,8.945e-05,8.945e-05,8.9e-05,266.84755379,241,301,11305.0,5941,2606,2257.63536599,1.0112322500000002,2.4902111034238272,14.519394275770345
2018-03-06T04:59:50.397,8.945e-05,8.964e-05,8.945e-05,266.92148164,249,305,11304.0,5938,2605,2259.64294887,1.0111428,1.4294403002207097,31.100584300171043
2018-03-06T05:00:20.38,8.974e-05,8.974e-05,8.964e-05,267.50864961,240,302,11303.0,5933,2604,2261.12507534,1.01433122,1.3297901316748713,29.552567299567826
2018-03-06T05:00:48.367,8.974e-05,8.974e-05,8.964e-05,267.63879608,242,298,11309.99999999,5933,2604,2264.59071679,1.0149593999991027,1.3497284323531114,25.59497717012607
2018-03-06T05:01:22.35,8.974e-05,8.974e-05,8.964e-05,267.73830705,241,299,11309.99999999,5933,2604,2264.59071679,1.0149593999991027,1.3543514448218874,35.40235313020689
2018-03-06T05:01:54.133,8.964e-05,8.972e-05,8.964e-05,267.7871982,242,305,11309.99999999,5933,2604,2264.59071679,1.0138283999991036,1.3031545497366077,20.155911365494404
2018-03-06T05:02:25.107,8.964e-05,8.968e-05,8.964e-05,267.79289236,240,305,11305.0,5931,2604,2263.93987424,1.0133802,1.3031545497366077,30.955717075797327
2018-03-06T05:02:53.28,8.964e-05,8.968e-05,8.964e-05,267.83698932,242,300,11300.0,5918,2607,2266.23209228,1.012932,1.521320754211425,31.01139472874715
2018-03-06T05:03:27.157,8.968e-05,8.968e-05,8.964e-05,267.85983964,244,306,11304.99999999,5915,2608,2266.68353896,1.013832399999103,1.4245025318157278,31.96387571088795
2018-03-06T05:03:58.143,8.964e-05,8.967e-05,8.964e-05,267.95221708,250,305,11299.49999997,5913,2610,2267.04694749,1.0128871799973107,1.6151928371718929,20.612007518631373
2018-03-06T05:04:27.723,8.967e-05,8.967e-05,8.965e-05,267.97216485,246,301,11299.49999997,5914,2606,2260.91901177,1.0132261649973098,1.6694671214616283,16.320801845590225
2018-03-06T05:04:59.723,8.965e-05,8.967e-05,8.965e-05,267.97280346,247,302,11299.49999997,5915,2610,2260.95750208,1.0130001749973103,1.657106496112123,20.77024996148259
2018-03-06T05:05:30.787,8.965e-05,8.965e-05,8.964e-05,268.04072307,253,307,11276.71200001,5918,2611,2260.87908303,1.0109572308008965,1.696429313481118,16.332066141939947
2018-03-06T05:06:02.76,8.964e-05,8.967e-05,8.965e-05,268.2530132,242,306,11280.49999997,5919,2610,2261.7754577,1.0111840199973108,1.209697370158185,20.229459485804824
2018-03-06T05:06:32.827,8.965e-05,8.965e-05,8.945e-05,268.61651268,248,303,11280.49999997,5922,2612,2261.58807229,1.0112968249973104,1.0566361682814818,16.100548312168307
2018-03-06T05:07:04.78,8.965e-05,8.965e-05,8.96e-05,268.61722961,248,304,11280.49999997,5920,2615,2260.56582571,1.0112968249973104,1.0431203677829664,20.56448946662656
2018-03-06T05:07:35.687,8.965e-05,8.965e-05,8.96e-05,268.61722961,248,304,11280.49999997,5920,2614,2261.51358807,1.0112968249973104,1.0431203677829664,16.170000332672434
2018-03-06T05:08:07.21,8.945e-05,8.945e-05,8.899e-05,268.73865995,240,311,11299.49999996,5921,2613,2261.46239524,1.010740274996422,1.3639714395943219,15.825100644324289
2018-03-06T05:08:37.303,8.945e-05,8.945e-05,8.899e-05,268.73865995,240,311,11299.49999996,5921,2613,2261.46239524,1.010740274996422,1.4942576107865442,14.593230501311139
2018-03-06T05:09:07.74,8.899e-05,8.899e-05,8.861e-05,268.89884195,243,307,11297.69277558,5922,2613,2261.02593634,1.0053816800988642,1.811598025710132,10.134952554584315
2018-03-06T05:09:39.727,8.899e-05,8.899e-05,8.861e-05,269.01680572,245,308,11297.69277558,5925,2612,2257.51129649,1.0053816800988642,1.5156736434327698,14.177343772425116
2018-03-06T05:10:20.823,8.862e-05,8.899e-05,8.862e-05,269.12609742,243,307,11299.49999996,5927,2614,2257.50996734,1.0013616899964553,1.494229598888309,9.944033288122663
2018-03-06T05:10:51.137,8.862e-05,8.862e-05,8.861e-05,269.21857423,242,307,11299.49999996,5927,2613,2257.35851027,1.0013616899964553,1.7938800430388473,14.162992458338863
2018-03-06T05:11:21.717,8.861e-05,8.899e-05,8.862e-05,269.26810674,244,307,11297.69277558,5928,2615,2256.60031335,1.0010885568441439,1.4754989483287904,9.944032924559941
2018-03-06T05:11:53.857,8.861e-05,8.899e-05,8.863e-05,269.26810674,244,307,11297.69277558,5927,2614,2256.57476646,1.0010885568441439,1.4947460056848947,14.474401077674841
2018-03-06T05:12:25.31,8.864e-05,8.899e-05,8.864e-05,269.2861148,249,315,11297.69277558,5927,2614,2256.57476646,1.0014274876274114,1.5326949436533441,14.22518213381353
2018-03-06T05:12:54.253,8.864e-05,8.945e-05,8.864e-05,269.30029215,248,315,11297.69277558,5927,2614,2256.57476646,1.0014274876274114,1.4030183720718479,10.140455405305065
2018-03-06T05:13:26.63,8.863e-05,8.944e-05,8.863e-05,269.37656423,244,317,11299.49999996,5931,2615,2252.36479124,1.0014746849964549,1.369966611829964,14.438786610305682
2018-03-06T05:13:57.65,8.944e-05,8.944e-05,8.864e-05,269.45018137,243,311,11299.49999996,5932,2614,2252.5986704,1.0106272799964224,1.3539555822294935,10.20822354408474
2018-03-06T05:14:28.37,8.944e-05,8.944e-05,8.864e-05,269.4570861,246,315,11299.49999997,5932,2613,2252.52768448,1.0106272799973166,1.3811408789873976,14.514520079943225
2018-03-06T05:14:58.963,8.944e-05,8.944e-05,8.864e-05,269.51361537,247,313,11299.49999997,5931,2613,2252.60901309,1.0106272799973166,1.3946366182988381,11.419357764695615
2018-03-06T05:15:29.683,8.944e-05,8.944e-05,8.864e-05,269.51361537,247,313,11297.69277558,5930,2613,2252.65694858,1.0104656418478752,1.4239244487221085,15.872350173745142
2018-03-06T05:16:01.34,8.864e-05,8.944e-05,8.863e-05,269.73191901,243,319,11297.69277558,5930,2613,2252.65694858,1.0014274876274114,1.381711277228848,14.502591420019339
2018-03-06T05:16:32.247,8.863e-05,8.944e-05,8.863e-05,269.83853616,239,316,11299.49999997,5934,2613,2253.80298961,1.001474684997341,1.4362153487228952,10.191817588565454
2018-03-06T05:17:03.343,8.944e-05,8.944e-05,8.863e-05,269.87222121,243,318,11299.49999997,5936,2611,2252.38164531,1.0106272799973166,1.4567139123133692,14.964530188550672
2018-03-06T05:17:35.487,8.944e-05,8.944e-05,8.88e-05,269.87397133,245,320,11299.49999997,5936,2611,2252.38164531,1.0106272799973166,1.3063334120852343,10.369936819754118
2018-03-06T05:18:06.14,8.864e-05,8.944e-05,8.864e-05,269.88232993,241,322,11299.49999997,5936,2611,2252.38164531,1.0015876799973409,1.4628005664871224,14.544332178730166
2018-03-06T05:18:37.297,8.864e-05,8.944e-05,8.864e-05,270.21035469,245,328,11300.0,5936,2612,2252.15489251,1.001632,2.3710656423816983,10.100413543398393
2018-03-06T05:19:08.143,8.864e-05,8.944e-05,8.864e-05,270.64249461,244,322,11300.0,5936,2612,2252.15489251,1.001632,1.920214796336348,9.921243657708773
2018-03-06T05:19:38.22,8.864e-05,8.944e-05,8.864e-05,270.64249461,244,322,11300.0,5936,2612,2252.15489251,1.001632,1.920214796336348,15.43585277282479
2018-03-06T05:20:10.033,8.864e-05,8.94e-05,8.865e-05,270.64249461,244,322,11300.0,5936,2612,2252.15489251,1.001632,2.8225306565119985,10.505935606029466
2018-03-06T05:20:53.3,8.94e-05,8.94e-05,8.865e-05,270.66135801,254,323,11300.0,5936,2612,2252.15489251,1.0102200000000001,2.8314987333209727,9.70676193591229
2018-03-06T05:21:24.63,8.87e-05,8.94e-05,8.872e-05,270.93357721,249,321,11300.0,5936,2612,2252.15489251,1.00231,2.7539895046341707,14.150680571243168
2018-03-06T05:21:55.93,8.872e-05,8.94e-05,8.873e-05,270.95490734,255,316,11310.0,5938,2612,2251.56242847,1.0034232,3.4893226203800873,9.82048615539441
2018-03-06T05:22:26.853,8.872e-05,8.872e-05,8.87e-05,271.87404911,251,321,11310.0,5938,2612,2251.56242847,1.0034232,3.2598124430540865,14.146021141910717
2018-03-06T05:22:59.343,8.872e-05,8.872e-05,8.871e-05,271.94454708,257,322,11342.04999999,5943,2612,2251.4815151,1.0062666759991128,2.747113502306366,9.630284747442293
2018-03-06T05:23:29.283,8.871e-05,8.872e-05,8.871e-05,271.99010991,243,320,11357.49999989,5939,2609,2251.19417702,1.0075238249902418,3.2723188635149665,14.31923213928715
2018-03-06T05:24:01.43,8.872e-05,8.872e-05,8.871e-05,272.02223547,248,317,11357.49999989,5941,2611,2250.46845988,1.0076373999902408,3.2723188635149665,10.098624878726806
2018-03-06T05:24:33.217,8.872e-05,8.94e-05,8.872e-05,272.04255207,248,320,11357.49999989,5941,2611,2250.46845988,1.0076373999902408,2.7674363213133972,10.21890181022037
2018-03-06T05:25:04.327,8.872e-05,8.939e-05,8.874e-05,272.04255207,248,320,11310.10000001,5939,2614,2250.21689912,1.0034320720008871,3.5960420334911465,14.468577264689364
2018-03-06T05:25:33.657,8.939e-05,8.939e-05,8.875e-05,272.04308841,250,322,11310.10000001,5941,2611,2238.99731866,1.0110098390008937,3.8917359846279598,10.12472926271572
2018-03-06T05:26:06.017,8.935e-05,8.935e-05,8.875e-05,272.06773093,237,324,11310.1,5939,2611,2238.38315486,1.0105574350000002,2.452530849831393,9.80564482806934
2018-03-06T05:26:37.18,8.939e-05,8.939e-05,8.88e-05,272.30758224,241,323,11310.1,5939,2611,2238.38315486,1.011009839,1.8916402104402181,14.263255722975154
2018-03-06T05:27:07.743,8.875e-05,8.939e-05,8.875e-05,272.85621006,236,324,11353.29999988,5942,2610,2237.30390292,1.00760537498935,1.744255382844613,10.45774148311425
2018-03-06T05:27:39.12,8.939e-05,8.94e-05,8.939e-05,273.0484129,237,314,11311.0,5943,2611,2237.49509132,1.01109029,1.6410584118989624,15.119325035102573
2018-03-06T05:28:10.667,8.94e-05,8.945e-05,8.94e-05,273.31046976,241,316,11353.29999984,5947,2611,2237.55670351,1.014985019985696,2.1883155827333076,10.443468278530514
2018-03-06T05:28:45.213,8.94e-05,8.945e-05,8.94e-05,273.53039374,244,313,11353.29999984,5947,2611,2237.55670351,1.014985019985696,2.3006737610285453,10.500413765226666
2018-03-06T05:29:16.26,8.956e-05,8.962e-05,8.956e-05,274.30438248,249,320,11353.29999979,5944,2614,2237.87540709,1.0168015479811925,2.114548784658921,15.338695403995935
2018-03-06T05:29:47.293,8.956e-05,8.962e-05,8.956e-05,276.27262256,255,321,11353.29999979,5944,2614,2237.87540709,1.0168015479811925,2.302749232853247,35.94994192999651
2018-03-06T05:30:18.11,8.959e-05,8.961e-05,8.959e-05,277.05559464,259,312,11352.99,5946,2616,2237.57300943,1.0171143741,2.3927458956813275,15.672118933244182
2018-03-06T05:31:22.457,8.961e-05,8.962e-05,8.959e-05,277.44791462,253,323,11353.29999969,5944,2615,2235.03475701,1.017369212972221,2.4448668115349395,26.199081607582478
2018-03-06T05:31:53.38,8.959e-05,8.962e-05,8.959e-05,277.85609676,258,317,11353.29999959,5948,2611,2232.8747406,1.0171421469632682,2.4348444930088258,31.51521500920842
2018-03-06T05:32:24.397,8.959e-05,8.962e-05,8.959e-05,277.86671306,250,315,11312.11,5945,2611,2233.49282283,1.0134519349,2.4108054412126716,35.955694845419345
2018-03-06T05:32:55.503,8.962e-05,8.962e-05,8.959e-05,277.95895349,240,309,11312.11,5946,2612,2233.55061016,1.0137912982000001,2.7727629526272466,26.296928797086665
2018-03-06T05:33:26.773,8.959e-05,8.961e-05,8.959e-05,278.19616363,241,315,11312.11,5946,2612,2233.55061016,1.0134519349,1.6500839417333655,30.312480403837675
2018-03-06T05:33:58.04,8.959e-05,8.961e-05,8.959e-05,278.30223964,242,312,11353.29999957,5947,2613,2233.55939615,1.0171421469614763,2.518916392794028,25.92345376251539
2018-03-06T05:34:28.623,8.959e-05,8.957e-05,8.94e-05,278.43777132,233,302,11313.11,5940,2612,2233.52787576,1.0135415249000002,1.6079692584132494,20.105007610760264
2018-03-06T05:34:59.67,8.957e-05,8.957e-05,8.94e-05,278.64019146,238,306,11353.29999957,5940,2610,2229.06335922,1.0169150809614849,1.6155389765567882,38.783170090161725
2018-03-06T05:35:30.91,8.94e-05,8.953e-05,8.94e-05,278.70812152,237,308,11353.29999954,5939,2612,2229.41208632,1.0149850199588761,1.5400391938286713,36.65289303261896
2018-03-06T05:36:01.787,8.94e-05,8.953e-05,8.94e-05,278.83980753,253,308,11312.0,5938,2615,2224.46623419,1.0112928,1.118478101710765,25.11496770580924
2018-03-06T05:36:32.363,8.94e-05,8.94e-05,8.888e-05,278.88035126,237,300,11312.0,5940,2617,2224.87002636,1.0112928,1.514031518464722,31.597245188199338
2018-03-06T05:37:03.52,8.94e-05,8.94e-05,8.901e-05,278.91665955,231,306,11312.0,5940,2617,2224.87002636,1.0112928,1.2383148846377992,28.976483857974088
2018-03-06T05:37:34.583,8.94e-05,8.94e-05,8.901e-05,279.01512182,232,304,11321.0,5941,2617,2227.09200963,1.0120974,1.3666517524667423,24.715219088053498
2018-03-06T05:38:06.43,8.901e-05,8.94e-05,8.901e-05,279.05229337,233,306,11350.29999955,5941,2616,2227.10079794,1.0102902029599454,2.3961950319594068,35.265550256586565
2018-03-06T05:38:38.303,8.902e-05,8.902e-05,8.901e-05,279.50828638,237,306,11353.29999957,5942,2616,2227.81844899,1.0106707659617213,2.3961950319594068,24.325289925957158
2018-03-06T05:39:10.62,8.902e-05,8.902e-05,8.901e-05,279.55378521,233,305,11353.29999957,5945,2615,2227.63367934,1.0106707659617213,2.395509791551912,35.260694608334546
2018-03-06T05:39:40.82,8.901e-05,8.94e-05,8.901e-05,279.97259718,241,310,11353.29999957,5945,2615,2227.73432243,1.0105572329617256,2.078948767623067,24.166256104640517
2018-03-06T05:40:12.383,8.901e-05,8.94e-05,8.901e-05,279.97259718,241,310,11313.0,5942,2618,2227.86488751,1.00697013,2.078948767623067,35.19834187599691
2018-03-06T05:40:42.98,8.901e-05,8.94e-05,8.901e-05,280.1979552,247,315,11321.00000005,5941,2619,2227.98575513,1.0076822100044505,2.0143379307769735,24.163114235308157
2018-03-06T05:41:13.39,8.94e-05,8.939e-05,8.901e-05,280.20113492,238,304,11321.00000005,5945,2618,2228.42578065,1.01209740000447,2.0143379307769735,30.25827815046575
2018-03-06T05:41:51.45,8.939e-05,8.939e-05,8.901e-05,280.31763764,242,308,11334.4,5947,2617,2228.41855386,1.013182016,2.0143379307769735,24.238682532931783
2018-03-06T05:42:22.7,8.939e-05,8.939e-05,8.889e-05,280.90999415,233,309,11334.4,5947,2617,2228.41855386,1.013182016,1.4584317245717706,35.25903584218719
2018-03-06T05:42:53.563,8.89e-05,8.939e-05,8.89e-05,280.91171625,244,313,11353.0,5947,2616,2229.28290162,1.0092817,1.5828481934431995,12.14604225966706
2018-03-06T05:43:25.017,8.89e-05,8.939e-05,8.89e-05,280.93035734,246,313,11334.4,5944,2619,2229.69220313,1.00762816,1.5228372542659332,17.11484514752767
2018-03-06T05:43:56.457,8.89e-05,8.939e-05,8.89e-05,280.93035734,246,313,11334.4,5946,2622,2229.70101419,1.00762816,1.5049425111239956,12.128029192106636
2018-03-06T05:44:26.893,8.889e-05,8.939e-05,8.889e-05,280.97424577,234,309,11357.49999989,5946,2621,2229.74237214,1.0095681749902221,1.47061230768398,15.895127543612768
2018-03-06T05:44:59.13,8.939e-05,8.94e-05,8.939e-05,281.39680772,230,307,11316.0,5949,2622,2229.78812614,1.01153724,1.3659719416974958,17.040339955328964
2018-03-06T05:45:30.383,8.94e-05,8.94e-05,8.939e-05,281.39732179,236,308,11316.0,5949,2622,2229.78812614,1.0116504,1.2835652384559144,12.058225580063697
2018-03-06T05:46:01.383,8.94e-05,8.94e-05,8.939e-05,281.49738328,233,309,11316.0,5946,2623,2230.40554182,1.0116504,1.269881685223893,11.975271987877344
2018-03-06T05:46:33.43,8.94e-05,8.94e-05,8.939e-05,281.49791968,235,307,11316.0,5946,2623,2230.40554182,1.0116504,1.2502490967847324,11.969083640995622
2018-03-06T05:47:04.463,8.939e-05,8.939e-05,8.889e-05,281.58106662,227,306,11316.0,5948,2623,2226.84407503,1.01153724,1.197671759045606,35.18665123466571
2018-03-06T05:47:36.323,8.939e-05,8.94e-05,8.939e-05,281.62326537,242,312,11316.0,5948,2623,2226.84407503,1.01153724,1.263753674189475,24.03238089633257
2018-03-06T05:48:07.92,8.939e-05,8.94e-05,8.939e-05,281.62649084,243,317,11316.0,5950,2622,2226.69188063,1.01153724,1.1872944035180497,24.03238087857072
2018-03-06T05:48:38.377,8.889e-05,8.94e-05,8.939e-05,281.70320779,244,321,11316.0,5950,2622,2226.69188063,1.00587924,1.1339635595173745,35.064079297267604
2018-03-06T05:49:09.627,8.94e-05,8.952e-05,8.94e-05,281.70423073,239,309,11316.0,5950,2622,2226.69188063,1.0116504,1.1329406185489908,24.159377175165716
2018-03-06T05:49:40.58,8.94e-05,8.943e-05,8.941e-05,281.70423073,239,309,11316.0,5950,2622,2226.69188063,1.0116504,1.1374197995278927,28.99805242364146
2018-03-06T05:50:11.337,8.94e-05,8.943e-05,8.94e-05,281.76313431,234,312,11316.0,5950,2622,2226.69188063,1.0116504,1.1134064930956007,24.01129805234945
2018-03-06T05:50:42.917,8.94e-05,8.94e-05,8.889e-05,281.76496586,229,311,11356.99999999,5955,2620,2226.62945538,1.015315799999106,1.1331405578717395,22.836828049944224
2018-03-06T05:51:13.407,8.889e-05,8.94e-05,8.889e-05,281.80086114,231,315,11354.0,5955,2623,2225.5540074,1.00925706,1.0972452706742581,16.964491856882717
2018-03-06T05:51:48.133,8.889e-05,8.94e-05,8.892e-05,281.80086114,231,315,11354.0,5954,2619,2225.54292712,1.00925706,1.08987414036667,35.096986783325605
2018-03-06T05:52:29.357,8.889e-05,8.94e-05,8.889e-05,281.84751829,231,313,11316.0,5951,2618,2226.20901143,1.00587924,1.306708524051469,35.127057452690536
2018-03-06T05:52:54.917,8.889e-05,8.94e-05,8.889e-05,281.84751829,231,313,11318.0,5952,2618,2225.55174602,1.00605702,1.6757174197266012,35.127082315539994
2018-03-06T05:53:31.7,8.94e-05,8.941e-05,8.889e-05,281.91806759,238,307,11353.8,5951,2617,2225.45636229,1.01502972,1.2615558526637825,35.23752793993104
2018-03-06T05:54:03.47,8.889e-05,8.941e-05,8.889e-05,281.97722472,235,311,11353.8,5951,2617,2225.45636229,1.009239282,1.2520512314598518,35.201370323626676
2018-03-06T05:54:32.58,8.94e-05,8.94e-05,8.889e-05,282.01958998,239,309,11353.8,5954,2619,2224.99343782,1.01502972,1.2520512314598518,24.267790443700818
2018-03-06T05:55:04.99,8.94e-05,8.94e-05,8.889e-05,282.01958998,239,309,11321.00000005,5955,2620,2225.03231748,1.01209740000447,1.4732776184846235,35.33534537514419
2018-03-06T05:55:36.05,8.94e-05,8.941e-05,8.94e-05,282.02105459,240,315,11320.0,5954,2620,2226.37010225,1.012008,1.6251406160169892,24.343362369940884
2018-03-06T05:56:07.023,8.889e-05,8.941e-05,8.889e-05,282.79019594,232,313,11350.0,5952,2620,2226.24457296,1.0089015,1.1161183475686538,35.37167602530748
2018-03-06T05:56:37.073,8.889e-05,8.941e-05,8.889e-05,282.79019594,232,313,11350.0,5956,2618,2226.08160832,1.0089015,0.9708848114090715,24.343365722006855
2018-03-06T05:57:09.183,8.889e-05,8.941e-05,8.889e-05,282.79019594,232,313,11350.0,5956,2618,2226.08160832,1.0089015,1.0624271746348697,35.37167651161025
2018-03-06T05:57:40.217,8.889e-05,8.94e-05,8.889e-05,282.79019594,232,313,11349.9,5957,2622,2225.24185019,1.008892611,1.0624271746348697,24.292645502636134
2018-03-06T05:58:11.093,8.889e-05,8.94e-05,8.89e-05,282.79019594,232,313,11349.9,5957,2622,2225.24185019,1.008892611,1.2587353678935325,35.47769498447398
2018-03-06T05:58:42.58,8.941e-05,8.941e-05,8.89e-05,282.96720656,243,314,11350.0,5956,2618,2224.80121529,1.0148035,1.2908907778938614,35.333965582667275
2018-03-06T05:59:13.113,8.941e-05,8.941e-05,8.89e-05,282.96720656,243,314,11354.99999999,5956,2618,2225.14038057,1.0152505499991058,1.0378054398356449,24.210571781527626
2018-03-06T05:59:44.88,8.941e-05,8.94e-05,8.891e-05,283.03872614,241,315,11354.99999997,5950,2618,2225.41004706,1.0152505499973177,1.3637793484637766,17.038996256961468
2018-03-06T06:00:15.963,8.94e-05,8.94e-05,8.891e-05,283.19631259,241,311,11354.99999997,5951,2620,2225.40032021,1.015136999997318,1.2640293484641754,24.11963207877693
2018-03-06T06:00:47.51,8.94e-05,8.94e-05,8.895e-05,283.19631259,241,311,11325.0,5950,2622,2225.28159466,1.012455,1.5334722097043887,35.23717479995303
2018-03-06T06:01:17.98,8.95e-05,8.95e-05,8.94e-05,283.41511081,243,308,11325.0,5951,2622,2226.49025878,1.0135874999999999,1.3955815748728324,23.983622210960853
2018-03-06T06:01:51.463,8.95e-05,8.95e-05,8.94e-05,283.87158869,238,308,11350.16354852,5951,2620,2226.09746079,1.01583963759254,1.3566375239325308,35.000706838992336
2018-03-06T06:02:51.847,8.95e-05,8.95e-05,8.94e-05,283.88802369,243,310,11326.0,5949,2617,2225.65689754,1.013677,2.53046057076576,35.079741603933364
2018-03-06T06:03:22.907,8.95e-05,8.95e-05,8.94e-05,283.89635185,245,312,11351.0,5950,2619,2225.63545266,1.0159144999999998,2.53046057076576,24.077735229903976
2018-03-06T06:03:53.893,8.95e-05,8.95e-05,8.94e-05,283.90138873,244,309,11318.00000001,5945,2618,2226.35105756,1.012961000000895,2.53046057076576,35.07931452480252
2018-03-06T06:04:25.053,8.94e-05,8.95e-05,8.94e-05,284.01361537,244,311,11350.0,5944,2618,2226.80067969,1.01469,2.41823392236432,24.07576118969652
2018-03-06T06:04:55.167,8.94e-05,8.95e-05,8.94e-05,284.03433943,242,307,11350.0,5946,2618,2226.76232431,1.01469,2.397509857167306,29.914171253060598
2018-03-06T06:05:26.667,8.95e-05,8.95e-05,8.94e-05,284.90173739,244,312,11350.0,5946,2618,2227.30933289,1.015825,2.4976312851961153,28.935814532996467
2018-03-06T06:06:01.653,8.95e-05,8.95e-05,8.94e-05,284.90173739,244,312,11350.0,5946,2618,2227.30933289,1.015825,2.5156378986621797,34.915423259196906
2018-03-06T06:06:32.407,8.95e-05,8.95e-05,8.941e-05,284.90173739,244,312,11350.0,5946,2618,2227.30933289,1.015825,2.5424025952277587,28.95101455030103
2018-03-06T06:07:01.483,8.95e-05,8.95e-05,8.94e-05,284.90490183,246,311,11330.0,5948,2622,2227.4801178,1.014035,2.4917844024033715,23.970619789837833
2018-03-06T06:07:33.373,8.95e-05,8.95e-05,8.94e-05,285.00230271,243,309,11330.0,5950,2620,2227.01180783,1.014035,2.4473744024033715,34.90690866614076
2018-03-06T06:08:05.36,8.94e-05,8.95e-05,8.941e-05,285.08414614,248,313,11330.0,5950,2620,2227.01180783,1.012902,2.302613797798901,23.953612622903
2018-03-06T06:08:36.58,8.943e-05,8.943e-05,8.94e-05,285.15184655,244,313,11340.0,5953,2617,2224.46224043,1.0141362,2.3214116707221195,34.80566333706428
2018-03-06T06:09:06.897,8.94e-05,8.943e-05,8.94e-05,285.32609391,243,308,11340.0,5954,2614,2224.61876756,1.0137960000000001,2.163100949862414,23.91510209342873
2018-03-06T06:09:37.367,8.94e-05,8.933e-05,8.892e-05,285.49421503,245,310,11340.0,5954,2614,2224.61876756,1.0137960000000001,2.00716992842747,23.695829051426145
2018-03-06T06:10:08.413,8.933e-05,8.933e-05,8.892e-05,285.53097789,249,313,11350.0,5958,2615,2224.68637868,1.0138955,2.1607559953385898,48.72841263755438
2018-03-06T06:10:39.7,8.933e-05,8.899e-05,8.892e-05,285.53097789,249,313,11350.0,5956,2618,2224.61946124,1.0138955,2.170281422088459,23.934457539595915
2018-03-06T06:11:11.7,8.899e-05,8.899e-05,8.892e-05,285.53987689,246,315,11350.0,5957,2619,2224.49337771,1.0100365,2.1732937712152247,29.85521866390439
2018-03-06T06:11:41.19,8.899e-05,8.899e-05,8.892e-05,285.5805835,243,313,11350.0,5954,2617,2224.62301932,1.0100365,2.1732937712152247,28.636804546510014
2018-03-06T06:12:13.08,8.899e-05,8.899e-05,8.892e-05,285.5805835,243,313,11350.0,5955,2616,2225.10722857,1.0100365,2.1732937712152247,23.8895216881788
2018-03-06T06:12:44.003,8.899e-05,8.899e-05,8.892e-05,285.66147005,248,309,11350.0,5955,2616,2225.10722857,1.0100365,2.229287373168252,34.64904472255226
2018-03-06T06:13:22.29,8.899e-05,8.935e-05,8.899e-05,285.69805727,249,309,11350.0,5955,2616,2225.93028485,1.0100365,2.0734931903553666,55.936839182301064
2018-03-06T06:13:56.29,8.899e-05,8.935e-05,8.899e-05,285.69805727,249,309,11350.0,5955,2616,2225.93028485,1.0100365,2.1005613000805994,37.98086541113071
2018-03-06T06:14:28.433,8.899e-05,8.935e-05,8.899e-05,285.70021739,244,309,11340.00000001,5954,2612,2223.14926727,1.00914660000089,0.8390825564169502,55.93604577372348
2018-03-06T06:14:58.53,8.899e-05,8.934e-05,8.899e-05,285.70021739,244,309,11350.0,5954,2610,2227.12500148,1.0100365,1.195677447589769,23.71183947340409
2018-03-06T06:15:29.36,8.899e-05,8.934e-05,8.899e-05,285.70221898,247,310,11350.0,5954,2610,2227.12500148,1.0100365,1.1363084674065522,29.89696679510256
2018-03-06T06:16:01.453,8.899e-05,8.934e-05,8.899e-05,285.70672234,252,317,11350.0,5954,2611,2224.01315258,1.0100365,1.1025249825032832,23.919254490746976
2018-03-06T06:16:32.517,8.899e-05,8.934e-05,8.899e-05,285.70672234,252,317,11354.99999998,5956,2610,2223.83109511,1.0104814499982202,1.2126159012058293,23.736323719130414
2018-03-06T06:17:04.27,8.934e-05,8.937e-05,8.899e-05,285.71525971,247,317,11354.99999998,5956,2610,2223.83109511,1.014455699998213,1.2020700782058573,34.816562894093224
2018-03-06T06:17:35.317,8.934e-05,8.937e-05,8.899e-05,285.71525971,247,317,11354.99999998,5959,2608,2223.88550364,1.014455699998213,1.045868696151345,23.902340192212993
2018-03-06T06:18:06.54,8.937e-05,8.937e-05,8.9e-05,285.72494966,244,314,11352.678166,5957,2611,2224.05132333,1.0145888476954201,1.2230996788501796,34.80620540944078
2018-03-06T06:18:38.62,8.9e-05,8.937e-05,8.9e-05,285.75365431,247,316,11352.678166,5957,2611,2224.05132333,1.010388356774,0.8316397846702117,23.90168174013111
2018-03-06T06:19:08.563,8.9e-05,8.9e-05,8.899e-05,285.79349751,245,310,11354.99999998,5954,2612,2223.53683318,1.01059499999822,0.8003091959048597,34.78551817538495
2018-03-06T06:19:40.037,8.9e-05,8.936e-05,8.9e-05,285.87793089,250,311,11357.49999996,5955,2611,2223.8449748,1.0108174999964399,1.1177037456430867,23.839765932173137
2018-03-06T06:20:10.957,8.9e-05,8.936e-05,8.9e-05,285.87793089,250,311,11357.49999996,5956,2613,2224.29125593,1.0108174999964399,0.8786253415298066,29.81859158873096
2018-03-06T06:20:42.757,8.9e-05,8.936e-05,8.9e-05,285.9260396,245,313,11350.0,5955,2611,2224.55550411,1.0101499999999999,0.7572194937784458,34.974849076548495
2018-03-06T06:21:12.93,8.936e-05,8.936e-05,8.9e-05,285.9538808,245,314,11350.0,5955,2611,2225.23337724,1.014236,0.9279323815578457,24.0345564999309
2018-03-06T06:21:44.123,8.936e-05,8.937e-05,8.935e-05,286.00447331,249,319,11350.0,5948,2614,2225.89108279,1.014236,2.382371390955514,34.300273777048375
2018-03-06T06:22:15.097,8.935e-05,8.937e-05,8.901e-05,286.6680897,248,313,11350.0,5948,2614,2225.89108279,1.0141225,2.3939889603347946,23.876807243937325
2018-03-06T06:22:46.867,8.935e-05,8.937e-05,8.901e-05,286.6680897,248,313,11350.0,5948,2614,2225.89108279,1.0141225,2.6470840776669644,34.72556048278123
2018-03-06T06:23:17.32,8.937e-05,8.937e-05,8.935e-05,286.77532227,252,315,11340.00000001,5950,2615,2225.85354883,1.0134558000008937,2.5303215078900787,23.862888083308096
2018-03-06T06:23:54.98,8.937e-05,8.937e-05,8.902e-05,286.84550166,244,316,11340.00000001,5950,2616,2226.51036706,1.0134558000008937,1.264527542311636,23.842828749273618
2018-03-06T06:24:25.373,8.937e-05,8.937e-05,8.902e-05,286.84550166,244,316,11340.0,5952,2617,2225.35345614,1.0134558,2.4371247080440215,29.79894638097915
2018-03-06T06:24:56.92,8.937e-05,8.937e-05,8.902e-05,286.93269414,249,317,11340.00000001,5955,2618,2225.7265674,1.0134558000008937,2.3499322192665026,34.52377536935933
2018-03-06T06:25:28,8.937e-05,8.937e-05,8.902e-05,286.93269414,249,317,11340.00000001,5956,2617,2225.69848571,1.0134558000008937,2.3483505433660694,23.780688851389364
2018-03-06T06:25:54.613,8.937e-05,8.937e-05,8.902e-05,286.93269414,249,317,11340.00000001,5959,2620,2225.62708796,1.0134558000008937,2.4409912307316453,34.525646368082406
2018-03-06T06:26:35.177,8.941e-05,8.942e-05,8.937e-05,286.95231486,242,314,11340.00000001,5959,2620,2225.7310892,1.0139094000008941,2.4357161596665415,23.95653364958658
2018-03-06T06:27:06.507,8.941e-05,8.942e-05,8.937e-05,286.95231486,242,314,11340.00000001,5959,2620,2225.7310892,1.0139094000008941,2.3696106334825298,23.956336170985846
2018-03-06T06:27:38.02,8.937e-05,8.937e-05,8.902e-05,287.08056568,239,318,11340.00000001,5956,2620,2225.61376843,1.0134558000008937,2.308046403714861,35.44536033571727
2018-03-06T06:28:08.13,8.937e-05,8.937e-05,8.902e-05,287.08056568,239,318,11340.00000001,5957,2620,2225.8492887,1.0134558000008937,2.308046403714861,24.57735579809713
2018-03-06T06:28:39.74,8.937e-05,8.942e-05,8.937e-05,287.09612872,238,321,11340.0,5952,2618,2227.31699515,1.0134558,2.3541429775051523,34.61473895454686
2018-03-06T06:29:10.82,8.902e-05,8.937e-05,8.902e-05,287.15625799,238,316,11357.49999996,5953,2619,2227.69818222,1.0110446499964392,2.2949015888614706,23.757020762570313
2018-03-06T06:29:41.683,8.937e-05,8.937e-05,8.902e-05,287.16380339,232,317,11340.0,5951,2618,2230.87962892,1.0134558,1.1407965241282803,23.75703204438784
2018-03-06T06:30:12.73,8.937e-05,8.937e-05,8.91e-05,287.16380339,232,317,11332.27292111,5945,2618,2234.92732791,1.0127652309596007,2.2807425852056467,34.62952272857303
2018-03-06T06:30:43.673,8.937e-05,8.937e-05,8.911e-05,287.1664581,231,316,11330.0,5940,2618,2236.25382202,1.0125621,2.279854685206072,23.770796697511265
2018-03-06T06:31:14.033,8.91e-05,8.937e-05,8.91e-05,287.2592841,231,316,11318.0,5931,2619,2239.2461356,1.0084338,2.192794078465254,22.72264754797009
2018-03-06T06:31:45.52,8.91e-05,8.937e-05,8.91e-05,287.27564947,238,313,11316.00000003,5933,2619,2238.45157237,1.008255600002673,2.2185199343691537,17.794683821020207
2018-03-06T06:32:16.503,8.91e-05,8.937e-05,8.911e-05,287.27564947,238,313,11311.0,5925,2621,2243.96941264,1.0078101,2.2280584319903105,16.77246077118802
2018-03-06T06:32:48.6,8.91e-05,8.937e-05,8.91e-05,287.92312081,235,316,11300.0,5921,2621,2244.41622977,1.00683,1.5321643719016989,23.791744489160543
2018-03-06T06:33:28.81,8.937e-05,8.962e-05,8.937e-05,288.00237579,232,317,11328.0,5923,2622,2243.92662636,1.01238336,1.5344917583706381,34.78230666254275
2018-03-06T06:34:22.86,8.937e-05,8.937e-05,8.91e-05,288.04492417,238,318,11311.0,5922,2623,2244.02192051,1.01086407,1.541292548534044,28.844256970428084
2018-03-06T06:34:54.637,8.937e-05,8.962e-05,8.937e-05,288.39708841,239,316,11311.0,5921,2623,2244.00794757,1.01086407,1.7378521650798016,23.85889106477584
2018-03-06T06:35:25.81,8.937e-05,8.962e-05,8.937e-05,288.42222777,233,318,11311.0,5921,2623,2244.01485469,1.01086407,1.8347955170785535,34.7667227599833
2018-03-06T06:35:56.657,8.937e-05,8.962e-05,8.937e-05,288.54441265,234,316,11311.0,5922,2620,2244.01953601,1.01086407,1.7004841360777865,23.875564589498712
2018-03-06T06:36:27.707,8.937e-05,8.937e-05,8.91e-05,288.60670768,234,311,11311.0,5922,2620,2244.01953601,1.01086407,1.6633752617502882,34.72637419209191
2018-03-06T06:36:58.443,8.937e-05,8.937e-05,8.91e-05,288.64632502,235,317,11300.0,5922,2624,2244.08412429,1.009881,1.648675851551584,23.834322323069728
2018-03-06T06:37:29.603,8.91e-05,8.962e-05,8.91e-05,288.67863214,231,316,11299.49999997,5916,2624,2248.86414655,1.006785449997327,1.7472099829497971,34.75004923049655
2018-03-06T06:38:02.297,8.91e-05,8.911e-05,8.91e-05,288.67863214,231,316,11299.56789,5913,2625,2249.4875066,1.006791498999,1.8535482547700168,23.86591458686968
2018-03-06T06:38:33.753,8.962e-05,8.962e-05,8.911e-05,289.93222541,241,314,11297.69277558,5915,2626,2249.25765399,1.0124992265474797,2.500256553597416,23.859887280169453
2018-03-06T06:39:04.117,8.962e-05,8.962e-05,8.915e-05,289.93222541,241,314,11299.56789,5914,2625,2249.87339455,1.0126672743018,3.635768669128422,28.637118699066693
2018-03-06T06:39:36.76,8.961e-05,8.961e-05,8.925e-05,289.934028,238,313,11297.69277558,5915,2626,2250.29323898,1.012386249619724,3.7755175837441928,29.641309272684005
2018-03-06T06:40:08.237,8.961e-05,8.961e-05,8.96e-05,289.934028,238,313,11297.69277558,5915,2627,2250.32670893,1.012386249619724,2.2823771048558434,34.53316939690164
2018-03-06T06:40:39.617,8.961e-05,8.961e-05,8.96e-05,289.97434027,242,313,11297.69277558,5916,2626,2249.7537279,1.012386249619724,3.8742441421052223,23.748414479849103
2018-03-06T06:41:10.587,8.961e-05,8.961e-05,8.96e-05,290.08070677,239,317,11297.69277558,5916,2626,2248.03417899,1.012386249619724,2.4750646958785802,34.35781757997867
2018-03-06T06:41:40.793,8.961e-05,8.961e-05,8.96e-05,290.09204037,239,312,11297.69277558,5916,2626,2248.03417899,1.012386249619724,2.3847017532353765,23.671003068829755
2018-03-06T06:42:12.81,8.968e-05,8.968e-05,8.961e-05,291.81833778,239,317,11297.69277558,5917,2629,2243.73134464,1.0131770881140143,2.5473675657875856,34.305419686116444
2018-03-06T06:42:43.94,8.968e-05,8.968e-05,8.961e-05,291.82147658,241,314,11297.69277558,5914,2632,2243.1113212,1.0131770881140143,2.3696990969599443,23.431509305983656
2018-03-06T06:43:16.063,8.962e-05,8.962e-05,8.961e-05,291.82390254,242,320,11305.0,5914,2631,2243.63806542,1.0131541,2.3696990969599443,34.18540917277097
2018-03-06T06:43:46.57,8.962e-05,8.962e-05,8.961e-05,291.82390254,242,320,11312.0,5917,2631,2241.49882516,1.01378144,2.814885401199317,23.44074751124985
2018-03-06T06:44:17.54,8.961e-05,8.962e-05,8.961e-05,291.94338831,237,317,11315.0,5920,2629,2242.49632516,1.01393715,2.5733169060826757,34.170360130708985
2018-03-06T06:44:53.14,8.968e-05,8.968e-05,8.961e-05,292.31520329,241,315,11315.0,5922,2629,2242.49882516,1.0147291999999999,2.799269737769619,23.50911611459137
2018-03-06T06:45:24.21,8.968e-05,8.968e-05,8.961e-05,292.31520329,241,315,11325.0,5923,2628,2242.48465411,1.015626,2.6771870245528717,34.166639507019376
2018-03-06T06:46:01.043,8.968e-05,8.968e-05,8.961e-05,292.31520329,241,315,11320.6575,5923,2629,2241.72286666,1.0152365646,1.7304657630885305,23.4706922861901
2018-03-06T06:46:32.033,8.968e-05,8.968e-05,8.961e-05,292.79874693,241,316,11325.0,5924,2627,2241.64986666,1.015626,1.6998935193885305,33.71258692215565
2018-03-06T06:47:04.063,8.968e-05,8.967e-05,8.961e-05,293.13749384,236,311,11325.0,5924,2627,2241.64986666,1.015626,1.6930215094134906,23.3992532169811
2018-03-06T06:47:35.19,8.967e-05,8.968e-05,8.967e-05,293.17946153,236,316,11325.0,5927,2628,2241.22555567,1.01551275,4.012258378273639,33.946502624000345
2018-03-06T06:48:06.227,8.968e-05,8.968e-05,8.967e-05,293.23735915,243,314,11315.0000001,5926,2627,2241.22524688,1.014729200008968,4.011380355272779,23.370569782669037
2018-03-06T06:48:37.273,8.968e-05,8.968e-05,8.967e-05,293.25257131,241,318,11317.0000001,5931,2625,2240.81771533,1.014908560008968,4.011380355272779,33.986462758551454
2018-03-06T06:49:08.307,8.968e-05,8.968e-05,8.967e-05,293.25257131,241,318,11317.0000001,5931,2625,2240.81771533,1.014908560008968,3.816110225882486,22.35638632530993
2018-03-06T06:49:39.42,8.962e-05,8.962e-05,8.96e-05,295.58558353,237,312,11320.0,5931,2625,2240.61747692,1.0144984,1.7471973104396308,30.4630737816389
2018-03-06T06:50:11.123,8.962e-05,8.962e-05,8.96e-05,295.58558353,237,312,11325.0,5927,2624,2240.36302101,1.0149465,1.7589611727829242,23.354532579982195
2018-03-06T06:50:42.5,8.962e-05,8.962e-05,8.96e-05,295.63039353,235,320,11320.0,5929,2624,2240.25927387,1.0144984,1.7589611727829242,33.585563042546035
2018-03-06T06:51:13.563,8.962e-05,8.962e-05,8.96e-05,295.66651428,231,322,11317.0000002,5928,2625,2239.99769343,1.014229540017924,1.7589611727829242,23.072703014271635
2018-03-06T06:51:44.43,8.96e-05,8.945e-05,8.925e-05,295.91356485,227,321,11320.0,5930,2624,2240.00019511,1.014272,1.5308054027097888,28.373193997066007
2018-03-06T06:52:15.48,8.945e-05,8.945e-05,8.911e-05,295.97190199,227,321,11320.0,5930,2625,2239.77572877,1.012574,1.5047808089453738,33.172705822783186
2018-03-06T06:52:46.217,8.945e-05,8.945e-05,8.911e-05,296.97190198,220,317,11320.0,5930,2622,2240.00375634,1.012574,1.2382981181729222,22.79716551324985
2018-03-06T06:53:17.987,8.945e-05,8.949e-05,8.911e-05,297.23036567,222,321,11330.0,5927,2623,2240.05016356,1.0134685,1.2382981181729222,33.0331732259372
2018-03-06T06:53:47.723,8.945e-05,8.954e-05,8.911e-05,297.23036567,222,321,11330.00000001,5923,2623,2241.94733908,1.0134685000008947,1.230341788995906,22.830705386372216
2018-03-06T06:54:20.393,8.954e-05,8.954e-05,8.945e-05,297.49947899,224,322,11330.0,5923,2622,2263.7953041,1.0144882,1.250642603218385,28.363768007194068
2018-03-06T06:55:23.363,8.958e-05,8.958e-05,8.946e-05,297.68003659,223,318,11330.0,5919,2624,2265.63040753,1.0149414,1.1834345980747256,33.134078508945215
2018-03-06T06:55:54.387,8.958e-05,8.958e-05,8.946e-05,297.70376655,228,322,11345.99999999,5920,2624,2267.66968138,1.0163746799991042,1.1710490994242997,22.78990532375993
2018-03-06T06:56:25.42,8.958e-05,8.958e-05,8.946e-05,297.80535326,224,317,11345.99999999,5922,2625,2267.53783665,1.0163746799991042,1.1710490994242997,32.95064134885656
2018-03-06T06:56:56.49,8.958e-05,8.961e-05,8.958e-05,297.85061332,231,319,11345.99999999,5923,2625,2267.07092943,1.0163746799991042,1.1877534242396952,22.771918682641168
2018-03-06T06:57:27.757,8.958e-05,8.961e-05,8.946e-05,297.85061332,231,319,11331.0,5923,2629,2267.4204308,1.0150309800000001,0.8110670342952503,22.775242415911958
2018-03-06T06:57:58.68,8.961e-05,8.961e-05,8.946e-05,297.91994731,223,323,11331.0,5920,2629,2268.42824223,1.0153709100000001,0.7134052687094194,22.77123766905718
2018-03-06T06:58:28.533,8.961e-05,8.961e-05,8.946e-05,297.92741313,226,323,11345.98999997,5921,2630,2268.14617072,1.0167141638973116,0.7134052687094194,22.788093473577092
2018-03-06T06:59:01.33,8.946e-05,8.946e-05,8.945e-05,297.99851914,221,324,11330.0,5920,2623,2269.23057194,1.0135818,0.7575630122245478,33.46594715927709
2018-03-06T06:59:32.05,8.946e-05,8.946e-05,8.945e-05,298.06764394,221,319,11330.0,5920,2626,2272.38308759,1.0135818,0.7575630122245478,23.029458181158148
2018-03-06T07:00:02.023,8.946e-05,8.946e-05,8.945e-05,298.10342794,222,323,11330.0,5920,2626,2274.85283381,1.0135818,0.7575630122245478,33.333768873618006
2018-03-06T07:00:33.9,8.911e-05,8.946e-05,8.911e-05,298.18994551,221,321,11321.0,5920,2626,2274.93608912,1.00881431,0.7045960238546857,22.992260576683222
2018-03-06T07:01:04.467,8.946e-05,8.946e-05,8.911e-05,298.19044435,218,326,11321.0,5920,2626,2274.93608912,1.01277666,0.7045960238546857,33.33221138927354
2018-03-06T07:01:36.427,8.946e-05,8.946e-05,8.911e-05,298.46121498,220,325,11320.1,5920,2625,2273.32815473,1.0126961460000001,0.6273937785714196,23.073407519816957
2018-03-06T07:02:05.6,8.946e-05,8.946e-05,8.911e-05,298.46254933,222,323,11313.0,5917,2627,2276.19056658,1.01206098,0.6273937785714196,23.08098796809003
2018-03-06T07:02:38.26,8.946e-05,8.946e-05,8.911e-05,298.46309327,224,321,11313.0,5917,2627,2284.70581468,1.01206098,0.6273937785714196,33.463421639896346
2018-03-06T07:03:08.51,8.946e-05,8.946e-05,8.911e-05,298.6878427,220,325,11313.0,5915,2627,2289.42197839,1.01206098,0.6273937785714196,17.247707643933033
2018-03-06T07:03:39.76,8.946e-05,8.946e-05,8.94e-05,298.6878427,220,325,11313.0,5917,2629,2293.08328565,1.01206098,0.6186560718780312,33.319981222330775
2018-03-06T07:04:11.42,8.946e-05,8.946e-05,8.94e-05,298.71132505,224,329,11313.0,5918,2629,2295.10395664,1.01206098,0.6186560718780312,22.943439453058506
2018-03-06T07:04:43.373,8.94e-05,8.94e-05,8.911e-05,298.75426109,225,325,11313.0,5913,2630,2314.6001597,1.0113822000000001,0.6388483516488965,33.37524660746216
2018-03-06T07:05:14.173,8.946e-05,8.94e-05,8.911e-05,298.77644051,218,327,11300.0,5915,2628,2313.31245615,1.010898,0.614083040916039,27.56117989458363
2018-03-06T07:05:53.79,8.91e-05,8.946e-05,8.91e-05,299.02439484,216,323,11297.69277558,5914,2630,2313.75487254,1.006624426304178,0.5523670970875818,33.254890188937274
2018-03-06T07:06:24.92,8.9e-05,8.946e-05,8.9e-05,299.39026682,210,330,11285.10000001,5916,2630,2308.87396326,1.0043739000008898,0.5782246217381717,22.890891194876254
2018-03-06T07:06:54.973,8.9e-05,8.977e-05,8.901e-05,299.39026682,210,330,11285.13385531,5916,2630,2309.48920954,1.00437691312259,0.6726782296232725,28.445160631298307
2018-03-06T07:07:26.023,8.897e-05,8.897e-05,8.893e-05,299.63463427,207,329,11300.0,5917,2630,2309.49105225,1.005361,0.5042582226160764,27.3417323174098
2018-03-06T07:07:57.32,8.977e-05,8.975e-05,8.898e-05,299.65299403,216,323,11300.0,5917,2630,2309.49134527,1.014401,0.6335054892965334,22.652640684973633
2018-03-06T07:08:26.823,8.975e-05,8.975e-05,8.898e-05,299.75295604,208,325,11300.0,5917,2630,2309.49134527,1.014175,0.6011136692967795,22.631538803676754
2018-03-06T07:09:00.03,8.898e-05,8.898e-05,8.897e-05,299.78396546,203,322,11345.99998989,5919,2633,2309.22160025,1.0095670791004123,0.6092259736304325,36.344239800870774
2018-03-06T07:09:31.983,8.975e-05,8.977e-05,8.975e-05,299.85503009,212,326,11329.99999999,5912,2633,2308.58816234,1.0168674999991025,0.36927150952926796,45.92989377363309
2018-03-06T07:10:01.297,8.975e-05,8.977e-05,8.975e-05,299.85503009,212,326,11299.99999999,5913,2629,2308.21924958,1.0141749999991023,0.4767013050393547,53.70448547441797
2018-03-06T07:10:36.47,8.977e-05,8.985e-05,8.977e-05,299.86462041,221,328,11300.0,5915,2631,2308.34709584,1.014401,0.3399325784728938,36.489637012049286
2018-03-06T07:11:08.487,8.977e-05,8.978e-05,8.977e-05,299.86462041,221,328,11285.10000001,5913,2634,2308.8882832,1.0130634270008976,0.2813144376723569,53.61095479004082
2018-03-06T07:11:38.503,8.975e-05,8.975e-05,8.899e-05,299.9228477,216,326,11299.99999998,5908,2635,2308.94960667,1.014174999998205,0.6158144658826298,36.53063077881703
2018-03-06T07:12:09.463,8.975e-05,8.975e-05,8.899e-05,299.9228477,216,326,11285.10000001,5910,2634,2308.86000507,1.0128377250008975,0.6256185057824764,19.468231314339604
2018-03-06T07:12:41.213,8.975e-05,8.975e-05,8.9e-05,299.9228477,216,326,11297.0,5908,2636,2312.19713107,1.01390575,0.2690570264774059,36.71857313136222
2018-03-06T07:13:12.83,8.975e-05,8.975e-05,8.93e-05,299.97116328,219,325,11299.99999998,5912,2635,2312.20729517,1.014174999998205,0.5162030839098786,53.892793716090274
2018-03-06T07:13:43.94,8.975e-05,8.975e-05,8.932e-05,299.97116328,219,325,11299.99999998,5911,2637,2312.3424638,1.014174999998205,0.9536338143186385,36.570747493261266
2018-03-06T07:14:14.977,8.975e-05,8.975e-05,8.932e-05,299.97276987,218,329,11284.50215051,5913,2635,2314.7765155,1.0127840680082725,0.9363627719247452,53.78270307300179
2018-03-06T07:14:45.967,8.975e-05,8.974e-05,8.932e-05,299.97276987,218,329,11284.50215051,5913,2635,2314.76601971,1.0127840680082725,0.9274475320248987,36.64750400839199
2018-03-06T07:15:16.973,8.932e-05,8.974e-05,8.932e-05,300.18807786,217,326,11285.0,5918,2633,2315.10044924,1.0079762,0.8042803390643091,52.77062730476861
