timestamp,tick,ask,bid,vol,buys,sells,btc_tick,btc_buys,btc_sells,btc_vol,usdt,first_page_buy_orders,first_page_sell_orders
2018-03-20T22:44:03.147,0.0,0.0,9.001e-05,0.0,106,0,8925.0,6380,4117,4858.30603703,0.0,0.9611049125753569,0
2018-03-20T22:44:36.953,0.0,0.0,9.1e-05,0.0,106,0,8942.71361553,6382,4122,4858.2907034,0.0,0.4972753773126958,0
2018-03-20T22:45:04.293,0.0,0.0,1.0,0.0,106,0,8942.71361552,6385,4120,4857.92242669,0.0,0.5058804499005012,0
2018-03-20T22:45:38.877,0.0,0.0,1.0,0.0,106,0,8939.99999997,6389,4120,4857.64733768,0.0,0.6690018382003544,0
2018-03-20T22:46:10.333,0.0,0.0,9.2e-05,0.0,106,0,8930.0,6391,4122,4855.62082605,0.0,0.7386688718002044,0
2018-03-20T22:46:42.82,0.0,0.0,9.3e-05,0.0,106,0,8930.0,6389,4122,4849.25238303,0.0,0.6124070567525163,0
2018-03-20T22:47:12.03,0.0,0.0,0.0001,0.0,106,0,8925.00000001,6386,4126,4825.06119409,0.0,0.404519995215461,0
2018-03-20T22:47:44.253,0.0,0.0,0.0001,0.0,106,0,8925.0,6389,4122,4824.5177169,0.0,0.4091910631501978,0
2018-03-20T22:48:13.01,0.0,0.0,0.00011,0.0,106,0,8925.0,6386,4124,4825.07678297,0.0,0.4086899472065978,0
2018-03-20T22:48:45.11,0.0,0.0,0.0001,0.0,106,0,8917.47877597,6382,4126,4825.30072209,0.0,0.4643379086311328,0
2018-03-20T22:49:14.953,0.0,0.0,0.00012,0.0,106,0,8912.0,6382,4125,4826.12079739,0.0,0.33128276014382346,0
2018-03-20T22:49:48.01,0.0,0.0,0.00012,0.0,106,0,8916.47877586,6388,4126,4824.40388343,0.0,0.33010975999385844,0
2018-03-20T22:50:20.12,0.0,0.0,0.00012003,0.0,106,0,8916.0,6390,4128,4822.92783232,0.0,0.27833715511494617,0
2018-03-20T22:50:49.797,0.0,0.0,0.00013,0.0,106,0,8916.47877586,6387,4126,4820.35925518,0.0,0.29417890149032555,0
2018-03-20T22:51:21.547,0.0,0.0,0.00014,0.0,106,0,8916.47877586,6388,4129,4811.81859491,0.0,0.2530714258822061,0
2018-03-20T22:51:52.02,0.0001,0.0001,6.9e-05,0.08190631,133,2,8896.0,6362,4131,4835.72047167,0.8896000000000001,1.0184192015756346,1.433
2018-03-20T22:52:25.07,9.999e-05,9.999e-05,2.9e-05,0.11113602,132,5,8890.01,6361,4132,4834.56592874,0.8889120999,1.7287325060381553,12.253345283309015
2018-03-20T22:52:53.167,9.998e-05,9.998e-05,3.5e-05,0.11216299,132,6,8917.00000001,6361,4132,4832.54105703,0.8915216600009999,1.5281358096002915,12.62858989054383
2018-03-20T22:53:26.467,9.998e-05,9.995e-05,4e-05,0.11216299,132,6,8917.00000001,6361,4130,4830.57524437,0.8915216600009999,1.7838806014503186,12.841473120248734
2018-03-20T22:54:23.953,9.991e-05,9.99e-05,3.55e-05,0.12130543,142,11,8890.01,6357,4130,4828.17187375,0.8882008991,1.8149941899253987,5.032097631944163
2018-03-20T22:55:10.757,9.98e-05,9.978e-05,4.055e-05,0.12247713,142,12,8917.0,6356,4131,4826.56472519,0.8899166,0.9079776205000941,3.885365829850749
2018-03-20T22:55:45.917,9.98e-05,9.975e-05,5e-05,0.12247713,142,12,8891.01000001,6358,4125,4826.40940573,0.8873227980009979,1.0782498430750842,3.587108418248899
2018-03-20T22:56:15.947,9.98e-05,9.975e-05,7.001e-05,0.12247713,142,12,8891.01000001,6358,4125,4826.40940573,0.8873227980009979,0.8777184879250968,3.1419392013420127
2018-03-20T22:56:48.127,7.001e-05,7.001e-05,6.05e-05,0.13248305,154,14,8925.00000001,6361,4129,4818.07299452,0.6248392500007002,1.8691883473972615,3.2782529873752115
2018-03-20T22:57:23.73,3e-05,3e-05,2.101e-05,1.39919664,140,23,8925.00000001,6356,4130,4815.27404353,0.2677500000003,1.9096903575430586,8.760673073730713
2018-03-20T22:57:54.857,2.105e-05,3.919e-05,2.105e-05,1.93478531,148,26,8917.0,6352,4130,4814.15963583,0.18770285,0.9461865015355277,4.520800210459815
2018-03-20T22:58:25.813,2.2e-05,2.5e-05,2.2e-05,2.38738316,150,26,8925.00000001,6352,4137,4816.17260383,0.19635000000022002,1.9655904498977692,5.81618009342807
2018-03-20T22:58:55.897,2.501e-05,2.501e-05,2.5e-05,2.80872454,157,24,8918.0,6350,4139,4816.83323552,0.22303918,1.2411169384198995,3.6418210754271567
2018-03-20T22:59:28.593,2.203e-05,2.799e-05,2.3e-05,3.56839522,155,22,8933.0,6355,4140,4803.67725087,0.19679399,0.9596567448684657,3.7113502185644185
2018-03-20T23:00:00.007,2.7e-05,2.65e-05,2.5e-05,3.66814521,163,25,8933.0,6362,4144,4797.74277013,0.241191,0.8294998638882185,2.856128758319077
2018-03-20T23:00:30.947,2.25e-05,2.64e-05,2.3e-05,4.10798036,155,28,8941.7099999,6372,4144,4797.75462076,0.20118847499775003,1.8640461245447717,3.874564186219337
2018-03-20T23:01:02.607,2.6e-05,2.6e-05,2.5e-05,4.41817741,162,32,8941.70999996,6371,4144,4796.15179296,0.23248445999895997,1.0244069554733315,2.481013943734723
2018-03-20T23:01:32.573,2.599e-05,2.46e-05,2.215e-05,4.75207904,160,31,8942.0,6369,4145,4795.85819777,0.23240258,1.3232577502952279,1.6844451222724346
2018-03-20T23:02:03.737,2.459e-05,2.419e-05,2.319e-05,5.12790891,161,34,8942.0,6369,4147,4795.91118364,0.21988378,1.2643814020378232,1.4797738661465396
2018-03-20T23:02:35.033,2.415e-05,2.379e-05,2.342e-05,5.26826969,163,38,8942.0,6369,4145,4795.14154632,0.2159493,1.1828976053321454,0.8977215489264626
2018-03-20T23:03:06.473,2.322e-05,2.593e-05,2.322e-05,5.62651058,160,39,8942.0,6367,4148,4793.93512504,0.20763324000000002,1.0223038116051588,2.623387905521845
2018-03-20T23:03:37.773,2.592e-05,2.589e-05,2.417e-05,5.63759353,175,37,8945.0,6369,4150,4791.1609983,0.2318544,3.9712923176215233,1.9917675024172632
2018-03-20T23:04:08.943,2.589e-05,2.55e-05,2.428e-05,5.74783472,176,40,8945.0,6369,4151,4791.52764186,0.23158605000000002,3.9112319415152816,2.753941073934582
2018-03-20T23:05:00.337,2.323e-05,2.46e-05,2.4e-05,8.53680746,162,49,8974.65,6370,4150,4790.29495554,0.20848111949999998,1.7314685069840987,0.6142338357733454
2018-03-20T23:05:30.2,2.45e-05,2.447e-05,2.4e-05,8.7401413,172,49,8945.0,6367,4153,4786.6945289,0.2191525,1.221362643828669,0.39161066251581234
2018-03-20T23:06:01.4,2.403e-05,2.514e-05,2.403e-05,8.98501972,165,48,8945.0,6366,4153,4778.13501785,0.21494834999999998,1.4466619358129198,2.4235533625135615
2018-03-20T23:06:32.92,2.582e-05,2.7e-05,2.5e-05,9.5287255,179,39,8945.0,6360,4152,4779.31408677,0.2309599,0.6754188341528471,4.108644690522335
2018-03-20T23:07:03.887,2.7e-05,2.89e-05,2.585e-05,9.65651842,182,39,8945.0,6354,4156,4780.45257256,0.24151499999999998,2.305491103896738,5.4052489409633875
2018-03-20T23:07:34.747,3.199e-05,3.19e-05,2.6e-05,11.98072197,179,36,8925.0,6352,4153,4780.47373303,0.28551075,2.5319777277161384,5.84717036318443
2018-03-20T23:08:06.31,2.92e-05,2.92e-05,2.662e-05,12.10045753,180,41,8925.0,6352,4153,4780.47373303,0.26061,1.151514750665882,2.8030019575597427
2018-03-20T23:08:37.56,2.918e-05,3.099e-05,2.802e-05,12.12285852,180,40,8925.0,6352,4156,4779.83844288,0.2604315,0.5876760276342302,4.5339534838861955
2018-03-20T23:09:07.777,2.502e-05,2.9e-05,2.54e-05,14.20835706,163,41,8925.0,6360,4155,4772.16538784,0.22330350000000002,2.002725845061792,2.228759868438206
2018-03-20T23:09:39.23,2.65e-05,2.715e-05,2.552e-05,14.99903633,175,52,8925.0,6358,4154,4768.06512099,0.23651250000000001,2.1947871869952364,1.3279798386041317
2018-03-20T23:10:10.513,2.781e-05,2.799e-05,2.59e-05,15.14139756,175,50,8945.0,6360,4157,4759.44436369,0.24876045,1.7438206504442988,1.2795306900790484
2018-03-20T23:10:41.077,2.74e-05,2.738e-05,2.613e-05,15.55972966,181,54,8920.0,6354,4159,4758.10500524,0.244408,1.6631669072833473,0.3702430604168641
2018-03-20T23:11:10.08,2.738e-05,2.725e-05,2.699e-05,15.7167918,176,56,8901.0,6356,4161,4757.65585905,0.24370937999999998,1.8371989906930042,0.5583965700838917
2018-03-20T23:11:42.113,2.7e-05,2.7e-05,2.682e-05,16.23694692,175,55,8915.0,6355,4163,4757.39474549,0.240705,1.9437201211105515,0.30670666086943216
2018-03-20T23:12:14.58,2.73e-05,2.727e-05,2.7e-05,16.24051398,178,59,8915.0,6355,4166,4756.70369078,0.2433795,1.79475228163998,0.4943956840870729
2018-03-20T23:12:44.773,2.75e-05,2.736e-05,2.7e-05,18.58886725,174,56,8915.0,6360,4168,4757.38500824,0.2451625,0.7365547501236982,0.5086891763610488
2018-03-20T23:13:15.383,2.656e-05,2.654e-05,2.619e-05,19.30374409,164,59,8915.0,6360,4168,4757.38500824,0.2367824,0.808141627237641,0.5072120643434398
2018-03-20T23:13:47.383,2.642e-05,2.794e-05,2.642e-05,19.30571258,165,61,8915.0,6357,4166,4759.80809922,0.2355343,0.6034918209751815,0.514920166470979
2018-03-20T23:14:17.133,2.75e-05,2.74e-05,2.656e-05,19.38293807,170,61,8915.0,6364,4168,4759.68590998,0.2451625,0.4517277460923966,0.8631991910274195
2018-03-20T23:14:48.95,2.65e-05,2.7e-05,2.65e-05,19.6221862,166,70,8944.9,6363,4170,4757.78883291,0.23703985,0.5812376671134698,0.5214883201328453
2018-03-20T23:15:30.533,2.561e-05,2.647e-05,2.561e-05,20.92488646,143,68,8943.0,6369,4174,4756.38032659,0.22903023,1.6449715599273704,0.4477151393767267
2018-03-20T23:16:01.91,2.647e-05,2.6e-05,2.571e-05,21.1225701,148,70,8943.0,6374,4175,4755.41075943,0.23672121,1.8193088452242756,0.6703594495371784
2018-03-20T23:16:32.147,2.572e-05,2.65e-05,2.573e-05,21.20492337,147,71,8944.9,6374,4176,4757.74099705,0.230062828,1.8655764712217453,0.5322726635054914
2018-03-20T23:17:03.59,2.572e-05,2.645e-05,2.6e-05,21.2834283,145,71,8963.0,6383,4171,4759.96790047,0.23052836000000002,1.4099545550762218,0.5363801850127154
2018-03-20T23:17:33.983,2.75e-05,2.749e-05,2.613e-05,21.84075617,173,65,8963.0,6381,4172,4765.29986187,0.24648250000000002,0.3950769512287002,0.3956903621461603
2018-03-20T23:18:06.123,2.999e-05,2.999e-05,2.651e-05,22.43676642,182,59,8950.0,6378,4182,4769.81484832,0.2684105,0.8685357646449952,0.5037370815044386
2018-03-20T23:18:36.483,3e-05,3e-05,2.748e-05,23.22778717,193,58,8950.0,6370,4184,4769.78820868,0.2685,0.8083070652887295,0.4814809664132107
2018-03-20T23:19:07.333,2.999e-05,2.998e-05,2.9e-05,23.67685437,188,61,8955.0,6372,4176,4771.87964954,0.26856045,0.9711835355446353,0.981994138517473
2018-03-20T23:19:39.083,3e-05,3e-05,2.9e-05,24.42151953,191,61,8956.0,6371,4175,4772.74804444,0.26868000000000003,0.8799593040521576,0.39474766259301064
2018-03-20T23:20:13.38,2.999e-05,2.9e-05,2.777e-05,24.45532612,198,67,8956.0,6372,4176,4773.98979269,0.26859044,0.768375192009171,0.6212562897219047
2018-03-20T23:20:44.213,2.988e-05,2.99e-05,2.989e-05,25.2491782,202,71,8956.0,6372,4177,4774.13431512,0.26760528,0.5002847036441287,0.6571647321409844
2018-03-20T23:21:15.34,2.903e-05,2.979e-05,2.93e-05,25.65404613,207,74,8950.0,6371,4179,4774.54252835,0.2598185,0.9141773354658789,0.4172173539854723
2018-03-20T23:21:46.283,2.95e-05,2.98e-05,2.93e-05,25.95856061,209,75,8950.0,6371,4178,4775.5576263,0.264025,0.3691549119025117,0.6561713145199667
2018-03-20T23:22:15.783,2.98e-05,2.969e-05,2.93e-05,26.18873702,213,76,8950.0,6373,4181,4775.46574055,0.26671,0.4552214830867106,0.5959015769911981
2018-03-20T23:22:48.05,2.9e-05,2.9e-05,2.802e-05,26.36049305,210,75,8956.0,6372,4180,4776.80851588,0.259724,0.6155146314786127,0.47451634702148626
2018-03-20T23:23:20.577,2.83e-05,2.902e-05,2.83e-05,26.38549757,212,75,8956.0,6373,4182,4777.98399281,0.2534548,1.0940656306232552,0.6366363052239667
2018-03-20T23:23:50.607,2.899e-05,2.899e-05,2.832e-05,26.69859834,222,76,8950.20000001,6375,4183,4776.67274404,0.25946629800028986,0.8339578405295801,0.5015429810703098
2018-03-20T23:24:20.05,2.899e-05,2.93e-05,2.899e-05,26.70993438,219,70,8950.0,6376,4183,4777.555014,0.2594605,1.4274330641180972,0.5915558935693628
2018-03-20T23:24:53.87,2.899e-05,2.93e-05,2.833e-05,26.79691189,216,71,8945.0,6372,4183,4782.0139724,0.25931555,1.4122647128454457,1.3592897620078308
2018-03-20T23:25:23.963,2.972e-05,2.972e-05,2.85e-05,26.96380991,212,64,8945.0,6371,4184,4789.19623614,0.2658454,0.6416426876537111,1.6010135078136916
2018-03-20T23:26:01.027,2.95e-05,2.95e-05,2.9e-05,27.56951489,217,64,8901.00000001,6362,4199,4807.15998354,0.262579500000295,1.9421275125742978,1.4798292694674413
2018-03-20T23:26:29.073,2.95e-05,2.982e-05,2.95e-05,27.86983221,215,63,8882.817725,6350,4194,4814.86660118,0.26204312288750004,1.2813624899227722,1.7394018471593415
2018-03-20T23:26:59.143,2.982e-05,2.982e-05,2.951e-05,27.87275289,212,64,8881.4088625,6354,4195,4813.78046016,0.26484361227975,1.9120682097549382,1.7776929414419254
2018-03-20T23:27:33.15,3.001e-05,3.08e-05,3.01e-05,28.45377405,211,58,8881.4088625,6363,4188,4809.05062078,0.266531079963625,1.8696286571416976,2.062345233270045
2018-03-20T23:28:03.87,3.101e-05,3.093e-05,3.08e-05,28.78844701,207,57,8885.63545,6364,4188,4811.81657275,0.27554355530450003,2.255044733863794,2.3193350733464433
2018-03-20T23:28:35.85,3.075e-05,3.058e-05,3.015e-05,28.96729129,203,70,8885.73545,6361,4190,4810.94744744,0.27323636508750004,2.7423260032271948,1.170114968642482
2018-03-20T23:29:06.823,3.015e-05,3.014e-05,2.954e-05,29.25422281,203,74,8885.73545,6363,4190,4810.92400337,0.26790492381750003,2.278244674963315,0.9113576773001366
2018-03-20T23:29:35.157,3e-05,2.999e-05,2.955e-05,29.27031543,202,79,8885.1,6364,4191,4810.20842462,0.26655300000000004,3.191863361910742,0.7012942286160604
2018-03-20T23:30:09.243,3.15e-05,3.132e-05,3.001e-05,30.22220063,202,62,8885.1,6364,4190,4808.26938803,0.27988065,2.212151596977019,2.473883523749623
2018-03-20T23:30:40.127,3.185e-05,3.173e-05,3.008e-05,31.23907919,201,64,8885.1,6363,4190,4808.64914014,0.28299043500000004,1.4993055361090355,2.098031261222849
2018-03-20T23:31:10.46,3.173e-05,3.172e-05,3.057e-05,31.68130523,204,62,8885.73545,6362,4194,4810.78561969,0.2819443858285,0.4167606277740854,1.7440959340735294
2018-03-20T23:31:41.87,3.1e-05,3.164e-05,3.101e-05,31.68650071,204,67,8880.0,6367,4196,4812.40546437,0.27528,0.3012932779934226,1.6395798555120642
2018-03-20T23:32:15.373,3.2e-05,3.2e-05,3.068e-05,31.97801603,201,62,8880.0,6371,4197,4812.95796022,0.28415999999999997,1.27220278560641,1.7453990560624655
2018-03-20T23:32:46.407,3.101e-05,3.173e-05,3.102e-05,32.18706175,206,68,8880.0,6365,4198,4813.24403506,0.2753688,1.000105206272587,2.2376352251555067
2018-03-20T23:33:17.61,3.101e-05,3.173e-05,3.069e-05,32.47461116,203,73,8880.0,6368,4199,4813.05615336,0.2753688,0.662245612653946,2.012424060784653
2018-03-20T23:33:47.25,3.103e-05,3.173e-05,3.069e-05,32.48455295,202,80,8880.0,6355,4203,4813.20509175,0.27554639999999997,1.3168942736165752,1.4945032712313706
2018-03-20T23:34:18.897,3.173e-05,3.2e-05,3.173e-05,32.87894011,200,74,8879.98598547,6348,4202,4818.45658799,0.28176195531896314,1.5007615972603694,2.103762063186282
2018-03-20T23:34:50.027,3.173e-05,3.172e-05,3.015e-05,33.08422067,200,73,8879.98598547,6348,4202,4818.45658799,0.28176195531896314,0.7810235546779254,1.3042720616279415
2018-03-20T23:35:20.58,3.173e-05,3.195e-05,3.101e-05,33.08422067,200,73,8868.41513196,6355,4199,4817.73436751,0.28139481213709083,3.0997666487130395,0.643286875609611
2018-03-20T23:35:52.907,3.2e-05,3.223e-05,3.2e-05,33.24866692,205,80,8879.69920425,6369,4200,4816.95925908,0.284150374536,1.8090344685667585,1.5584973549402812
2018-03-20T23:36:30.157,3.3e-05,3.323e-05,3.303e-05,34.10007972,204,73,8879.69920425,6375,4201,4783.77076954,0.29303007374025003,3.652906840210644,1.6555970366569541
2018-03-20T23:36:58.757,3.4e-05,3.4e-05,3.398e-05,34.48381864,200,67,8879.69920425,6374,4200,4783.94345562,0.3019097729445,0.6605557262925101,1.7722169265668284
2018-03-20T23:37:30.96,3.425e-05,3.475e-05,3.425e-05,35.70217606,202,67,8879.98598541,6373,4200,4782.94533971,0.3041395200002925,3.2318199965960743,1.5200737682730643
2018-03-20T23:38:02.213,3.62e-05,3.639e-05,3.62e-05,37.61992471,201,66,8869.69920425,6371,4197,4783.51507331,0.32108311119385,2.00667125819194,1.4040124404823047
2018-03-20T23:38:34.06,3.6e-05,3.5e-05,3.499e-05,41.03518597,195,64,8869.69920425,6373,4198,4779.6636914,0.319309171353,0.6482336925993383,1.1964067464258825
2018-03-20T23:39:06.1,3.5e-05,3.209e-05,3.126e-05,42.43221962,196,66,8869.69920425,6364,4201,4774.51258222,0.31043947214875,1.3023761556265812,1.1680671303342995
2018-03-20T23:39:37.007,3.499e-05,3.496e-05,3.362e-05,43.45348717,193,68,8870.69920425,6363,4203,4774.41947464,0.3103857651567075,1.5816633202222377,3.2867743896974417
2018-03-20T23:40:09.043,3.499e-05,3.48e-05,3.361e-05,43.45348717,193,68,8869.69920425,6363,4204,4774.77558756,0.31035077515670756,1.294173459507806,1.2927447813089072
2018-03-20T23:40:40.08,3.362e-05,3.361e-05,3.235e-05,43.57230544,203,72,8869.69920425,6362,4208,4774.45243905,0.298199287246885,1.5061700238525224,3.0500627968943337
2018-03-20T23:41:10.34,3.361e-05,3.472e-05,3.23e-05,44.08369965,200,71,8870.69920425,6363,4208,4773.76031064,0.2981442002548425,0.7580000096880318,1.3509888499604374
2018-03-20T23:41:40.927,3.598e-05,3.598e-05,3.473e-05,52.07144312,208,47,8870.0,6367,4206,4773.86089496,0.3191426,2.050614020754727,2.744509930800773
2018-03-20T23:42:12.583,3.85e-05,3.9e-05,3.75e-05,54.74011679,211,47,8869.69920425,6361,4209,4774.1163477,0.34148341936362503,0.7226473859050646,3.2282518739529076
2018-03-20T23:42:43.303,3.799e-05,3.95e-05,3.801e-05,55.68717949,202,49,8868.41513196,6359,4213,4773.98514269,0.3369110908631604,4.904788330072108,3.1056011037866873
2018-03-20T23:43:14.87,4.073e-05,4.07e-05,3.951e-05,56.86746245,200,46,8865.01000002,6356,4210,4772.26366193,0.3610718573008146,2.7152340939548636,2.2853443629652266
2018-03-20T23:43:44.92,3.799e-05,3.949e-05,3.801e-05,58.79771561,197,54,8865.01000002,6357,4213,4772.48931314,0.33678172990075983,1.0255433908745986,0.8726329725951467
2018-03-20T23:44:14.123,3.95e-05,3.95e-05,3.905e-05,59.1904254,200,57,8860.031,6350,4195,4770.81762091,0.3499712245,0.726466551154888,1.5462937467167464
2018-03-20T23:44:47.397,3.904e-05,3.904e-05,3.9e-05,59.36633463,202,57,8851.04,6339,4197,4771.93121486,0.3455446016,7.648403044176255,1.4122720696542217
2018-03-20T23:45:17.1,4.199e-05,4.199e-05,4.076e-05,59.89517945,190,53,8833.20947,6335,4210,4774.21034363,0.3709064656453,8.128157536830328,2.285698255109819
2018-03-20T23:45:48.913,4.199e-05,4.199e-05,4.077e-05,60.00611609,189,55,8834.907202,6339,4210,4773.21410483,0.37097775341198,1.6767705915385391,3.6777660457611514
2018-03-20T23:46:24.01,3.906e-05,4.099e-05,4e-05,60.48363651,185,63,8843.632635,6337,4205,4774.60751962,0.3454322907231,8.399251333233037,2.672254381829599
2018-03-20T23:47:00.467,4.1e-05,4.171e-05,4.1e-05,61.29021857,195,61,8844.19642282,6340,4206,4778.49346691,0.36261205333561997,4.222558536539939,2.443303182159593
2018-03-20T23:47:28.99,4.171e-05,4.25e-05,4.2e-05,61.41236815,192,74,8834.907202,6340,4207,4778.53290881,0.36850397939542,2.580951995776586,2.7358152472222717
2018-03-20T23:48:01.927,4.197e-05,4.3e-05,4.2e-05,62.44304209,194,78,8835.0,6342,4206,4778.85195479,0.37080495,10.715641516662537,2.72242720592594
2018-03-20T23:48:34.183,4.371e-05,4.3e-05,4.204e-05,64.10756736,193,70,8844.19642282,6346,4204,4778.27983565,0.3865798256414622,4.581444103637412,2.082875026616672
2018-03-20T23:49:04.407,4.3e-05,4.29e-05,4.212e-05,64.15769379,193,72,8840.0,6340,4207,4778.33738727,0.38012,3.700168662437905,1.576934985214809
2018-03-20T23:49:35.443,4.29e-05,4.29e-05,4.23e-05,64.85432061,193,68,8844.0,6340,4206,4779.68653548,0.3794076,4.462280353188221,0.8806471040552637
2018-03-20T23:50:07.32,6e-05,6.066e-05,6e-05,75.05180887,194,30,8843.0,6343,4214,4778.58855363,0.53058,17.570533876287925,4.7006113386631725
2018-03-20T23:50:37.493,5.564e-05,5.562e-05,5e-05,93.00953628,206,39,8840.0,6343,4223,4780.00671536,0.4918576,5.249809372413408,5.036134550940798
2018-03-20T23:51:09.73,5.809e-05,5.799e-05,5.01e-05,93.09323992,209,43,8835.0,6344,4223,4779.03441294,0.51322515,2.0075982847093674,4.160497372906478
2018-03-20T23:51:40.907,5.698e-05,5.697e-05,5.102e-05,93.10337923,210,45,8835.00000001,6350,4219,4778.39999862,0.5034183000005699,1.5103603789798596,2.1771021654204037
2018-03-20T23:52:12.22,5.088e-05,5.5e-05,5.11e-05,93.76748764,195,47,8840.0,6354,4209,4777.87801864,0.4497792,0.44239854460136263,2.525076601230893
2018-03-20T23:52:43.487,4.525e-05,4.798e-05,4.537e-05,94.02332141,191,46,8845.0,6357,4210,4779.46925593,0.40023625,1.4730384677568642,1.7673910971251992
2018-03-20T23:53:15.94,4.995e-05,4.99e-05,4.701e-05,94.07691727,203,52,8860.19642282,6360,4202,4782.21612674,0.442566811319859,0.9632373672307021,1.8950684338883084
2018-03-20T23:53:47.527,4.987e-05,4.987e-05,4.705e-05,94.96055621,198,53,8860.19642286,6354,4203,4782.66658679,0.44185799560802824,1.603347415748073,2.0266250687753202
2018-03-20T23:54:18.53,4.71e-05,4.979e-05,4.707e-05,95.12517808,203,57,8865.01000002,6349,4200,4782.08044762,0.417541971000942,1.4572077506155185,1.56568502030205
2018-03-20T23:54:50.157,4.909e-05,5.1e-05,4.98e-05,95.41998683,213,61,8855.98999995,6345,4206,4775.60816777,0.43474054909754545,7.153048619064808,3.1347417590406392
2018-03-20T23:55:20.787,5.536e-05,5.396e-05,5.105e-05,96.55114312,213,60,8860.19642286,6354,4201,4776.61492843,0.4905004739695296,0.8254656805532756,3.6369861355351847
2018-03-20T23:55:52.777,5.12e-05,5.395e-05,5.12e-05,97.33068805,208,71,8870.0,6362,4201,4774.93072041,0.454144,1.7891794686128297,1.3221621097820624
2018-03-20T23:56:24.157,5.105e-05,5.105e-05,4.91e-05,97.79345009,208,77,8870.0,6352,4199,4775.91442553,0.4528135,1.582971381872489,1.1917854572566815
2018-03-20T23:56:56.24,5.109e-05,5.3e-05,5.12e-05,98.44403576,216,78,8870.0,6351,4200,4775.65725085,0.4531683,3.601207027551098,0.36110506408235665
2018-03-20T23:57:30.82,5.299e-05,5.35e-05,5.299e-05,98.86500101,221,77,8880.19642282,6356,4198,4769.27832104,0.47056160844523176,2.6961659807654224,0.9238016921668594
2018-03-20T23:58:01.413,5.123e-05,5.247e-05,5.123e-05,99.26102998,219,80,8883.0,6358,4190,4755.98024038,0.45507609000000004,2.8024706996428526,1.8489986698559646
2018-03-20T23:58:32.437,5.123e-05,5.2e-05,5.123e-05,99.28843269,219,80,8903.0,6355,4185,4757.02345463,0.45610069000000003,1.7528140712696483,1.2028162766711805
2018-03-20T23:59:03.963,5.124e-05,5.198e-05,4.911e-05,99.33276607,219,81,8908.91776599,6357,4185,4753.48394826,0.4564929463293276,2.7155194237919478,1.3996890116520975
2018-03-20T23:59:35.423,4.911e-05,4.91e-05,4.909e-05,99.40394625,220,83,8912.06332098,6356,4185,4757.53227628,0.43767142969332784,3.1380757237820025,1.0561510620465062
2018-03-21T00:00:05.733,5.192e-05,5.21e-05,5.2e-05,100.05407712,228,82,8903.0,6350,4180,4754.73559516,0.46224376,8.567057445989395,1.021917999454967
2018-03-21T00:00:37.173,5.3e-05,5.3e-05,5.298e-05,101.53562003,229,90,8900.0,6355,4180,4750.6560236,0.4717,1.0664999854003623,0.9368710110676026
2018-03-21T00:01:07.193,5.301e-05,5.3e-05,5.21e-05,102.23043665,222,89,8890.0,6353,4182,4743.25172236,0.47125890000000004,0.8506115038847691,0.4624402188518805
2018-03-21T00:01:38.883,5.201e-05,5.201e-05,5.041e-05,102.56524681,222,96,8890.0,6354,4182,4740.13541722,0.46236889999999997,2.3889539749381417,1.17723414653501
2018-03-21T00:02:09.547,5.047e-05,5.137e-05,5.049e-05,102.62182361,231,96,8880.00000001,6353,4177,4741.46290949,0.44817360000050477,2.368439320168826,1.5743294452374021
2018-03-21T00:02:40.733,5.07e-05,5.153e-05,5.1e-05,102.64848734,251,97,8890.0,6357,4178,4735.2032096,0.450723,1.033911525078747,1.674686483571392
2018-03-21T00:03:11.173,5.295e-05,5.295e-05,5.153e-05,102.79718757,247,96,8890.0,6357,4178,4735.2032096,0.4707255,0.9048106661473536,1.929917383598045
2018-03-21T00:03:42.057,5.295e-05,5.294e-05,5.201e-05,103.37908561,244,95,8938.60374539,6361,4180,4736.65563134,0.4732990683184005,7.446067515843968,0.6301486454246857
2018-03-21T00:04:12.793,5.201e-05,5.3e-05,5.083e-05,103.97186105,236,95,8938.60374539,6365,4180,4728.19440458,0.46489678079773394,0.740586019564459,1.362173624281372
2018-03-21T00:04:45.767,5.299e-05,5.399e-05,5.3e-05,104.01907953,244,94,8938.60374539,6362,4182,4723.10644278,0.4736566124682161,0.9432922232565762,1.390222972967385
2018-03-21T00:05:16.877,5.299e-05,5.299e-05,5.149e-05,104.26494312,214,102,8925.0,6360,4192,4723.05483423,0.47293575,1.4790159286884201,2.870885153571457
2018-03-21T00:05:47.33,6.2e-05,6.18e-05,5.6e-05,112.86149497,218,84,8900.0,6363,4193,4723.29450605,0.5518000000000001,2.488956354351619,1.7287193879314506
2018-03-21T00:06:17.49,6.596e-05,6.596e-05,5.751e-05,132.57816455,219,62,8924.99999997,6366,4190,4731.75764463,0.5886929999980212,2.5398459732901313,7.545706708952876
2018-03-21T00:06:49.927,6.31e-05,6.2e-05,5.944e-05,141.22624056,226,73,8910.0,6368,4201,4729.66254079,0.562221,2.627814645481777,2.517257028015382
2018-03-21T00:07:20.727,6.244e-05,6.6e-05,6.595e-05,145.27474096,224,70,8910.0,6365,4205,4730.633928,0.5563404000000001,1.3840519374613178,0.5152525366277535
2018-03-21T00:08:01.133,7.2e-05,7.223e-05,7.2e-05,159.52469869,222,65,8909.0,6370,4209,4728.15233239,0.641448,1.1376249356979766,8.095106656992375
2018-03-21T00:08:32.163,6.608e-05,6.608e-05,6.503e-05,170.84695383,219,79,8909.0,6371,4206,4727.96781837,0.58870672,1.6583881195853278,2.5602432401509505
2018-03-21T00:09:03.977,6.895e-05,6.893e-05,6.56e-05,175.30916334,227,74,8910.0,6372,4210,4728.06921494,0.6143445,2.03640465373485,3.3288829330833956
2018-03-21T00:09:34.18,6.899e-05,6.88e-05,6.756e-05,181.56401428,243,81,8910.0,6369,4205,4724.17234291,0.6147009,3.3723721028386966,2.1705973046502054
2018-03-21T00:10:05.81,6.754e-05,6.753e-05,6.602e-05,186.67518798,234,91,8908.9178,6365,4208,4720.11406564,0.6017083082119999,0.7437043402108516,5.565432427765665
2018-03-21T00:10:37.28,6.614e-05,6.696e-05,6.618e-05,190.46601385,246,94,8900.0,6361,4208,4726.21187656,0.588646,1.2063161241634137,4.1864563553716385
2018-03-21T00:11:08.203,6.243e-05,6.5e-05,6.254e-05,195.58616161,222,93,8900.0,6363,4209,4728.26711683,0.555627,3.9284922275805183,5.132256176913914
2018-03-21T00:11:38.89,6.4e-05,6.494e-05,6.4e-05,196.88829248,241,95,8899.0,6365,4213,4726.16956681,0.5695359999999999,0.6483113604881596,2.639553926492893
2018-03-21T00:12:09.973,6.352e-05,6.397e-05,6.352e-05,200.60870334,235,100,8890.0,6361,4212,4724.67293084,0.5646928,2.135666146988233,3.733497610062314
2018-03-21T00:12:41.367,6.237e-05,6.163e-05,6.125e-05,203.07143971,215,103,8910.0,6359,4210,4726.57654123,0.5557167,0.4733593637755912,3.460711123960817
2018-03-21T00:13:11.853,5.8e-05,6e-05,5.932e-05,205.24686533,213,109,8880.0,6361,4209,4726.34855921,0.51504,1.1971141575804083,2.8270189507478274
2018-03-21T00:13:43.107,5.828e-05,5.979e-05,5.828e-05,213.00810404,215,117,8880.0,6364,4211,4725.13012643,0.5175263999999999,0.6156444911400631,4.317768202633593
2018-03-21T00:14:13.64,5.831e-05,5.93e-05,5.851e-05,213.87885863,249,123,8890.0,6365,4212,4722.61629457,0.5183759,2.7797960055020448,4.225705696498393
2018-03-21T00:14:45.14,5.93e-05,5.83e-05,5.829e-05,217.54359059,236,122,8890.0,6363,4212,4722.02883326,0.527177,0.2106643342674552,2.136719954712349
2018-03-21T00:15:16.327,5.92e-05,6.24e-05,6.221e-05,219.88147002,247,117,8890.0,6367,4214,4722.08929936,0.526288,2.3596695535216963,0.8951888639986094
2018-03-21T00:15:46.703,6.22e-05,6.038e-05,6.026e-05,224.68569886,246,121,8889.4414248,6366,4214,4722.05525146,0.5529232566225599,0.9973982450801762,5.281619413253283
2018-03-21T00:16:21.16,6.04e-05,6.038e-05,5.989e-05,227.5601001,242,126,8889.0,6365,4212,4722.04306578,0.5368956,0.46490129183140877,4.400145934553255
2018-03-21T00:16:50.53,5.738e-05,5.82e-05,5.814e-05,230.63756599,231,131,8882.0,6369,4213,4723.25305001,0.50964916,1.1053244546438281,6.2784783708910945
2018-03-21T00:17:23.357,5.823e-05,6.03e-05,5.849e-05,233.29026097,254,134,8882.0,6369,4213,4723.25305001,0.51719886,1.2074604732473344,2.3310600412835636
2018-03-21T00:17:53.967,5.869e-05,5.897e-05,5.871e-05,233.81434947,258,143,8889.0,6375,4219,4722.97334446,0.52169541,0.42162972491290074,3.8060562694756976
2018-03-21T00:18:31.08,5.872e-05,5.928e-05,5.904e-05,234.73866623,243,147,8889.0,6376,4219,4714.85764984,0.52196208,1.6132349745942463,4.412614277406167
2018-03-21T00:19:03.5,5.928e-05,5.928e-05,5.926e-05,236.20865267,236,152,8889.0,6377,4221,4714.24667177,0.52693992,1.0960119333794263,12.372134292831229
2018-03-21T00:19:33.337,5.854e-05,5.876e-05,5.82e-05,238.0525603,233,145,8882.0,6377,4222,4714.08881383,0.5199522799999999,1.4275456754640725,9.683329174785163
2018-03-21T00:20:04.933,5.738e-05,5.799e-05,5.738e-05,239.57075258,232,149,8889.0,6377,4222,4713.84978609,0.51005082,0.836392630603733,9.315521657422135
2018-03-21T00:20:35.293,5.537e-05,5.452e-05,5.45e-05,240.87006242,228,150,8885.0,6372,4224,4713.87556663,0.49196245,0.9252765216064334,1.3863292021267517
2018-03-21T00:21:07.02,5.452e-05,5.533e-05,5.459e-05,244.76525758,232,141,8882.0,6364,4226,4714.40309505,0.48424664,3.6301775473309834,3.1212423060872174
2018-03-21T00:21:38.48,5.63e-05,5.63e-05,5.544e-05,246.72853805,255,148,8880.0,6362,4222,4709.78834455,0.499944,2.198748614780968,2.5926954202133485
2018-03-21T00:22:09.67,5.799e-05,5.799e-05,5.798e-05,251.94334965,253,152,8880.0,6363,4223,4706.82482454,0.5149511999999999,1.1376979523440782,3.59458568213765
2018-03-21T00:22:40.14,5.626e-05,5.629e-05,5.544e-05,254.71469471,247,154,8880.0,6362,4223,4700.85967508,0.4995888,1.6039665217366865,2.9722933350749132
2018-03-21T00:23:11.393,5.6e-05,5.6e-05,5.597e-05,255.02460681,255,153,8870.0,6358,4223,4700.62733268,0.49672,2.4086296155631484,2.7396098969852116
2018-03-21T00:23:42.09,5.611e-05,5.609e-05,5.471e-05,259.26100087,238,162,8898.0,6362,4217,4700.19524144,0.49926678,0.9710397526689531,2.1617026055093955
2018-03-21T00:24:12.933,5.491e-05,5.491e-05,5.477e-05,260.72016804,254,167,8898.0,6362,4217,4700.19524144,0.48858918,1.0244477084103418,2.6855697911457304
2018-03-21T00:24:44.09,5.55e-05,5.55e-05,5.548e-05,261.72586092,262,173,8896.0,6367,4222,4693.01995728,0.493728,3.8715553521208985,2.5024415763895327
2018-03-21T00:25:14.903,5.696e-05,5.714e-05,5.689e-05,264.5894203,249,159,8896.0,6369,4220,4692.69436579,0.50671616,2.1122359303097644,1.2562402479301038
2018-03-21T00:25:46.203,5.694e-05,5.694e-05,5.657e-05,267.98180867,253,164,8896.0,6369,4220,4692.69436579,0.50653824,2.840822045434362,2.0123619195905906
2018-03-21T00:26:16.927,5.74e-05,5.8e-05,5.74e-05,269.91007665,246,160,8879.0826,6365,4223,4691.40911815,0.50965934124,2.786932731629718,2.131891965427296
2018-03-21T00:26:47.62,5.914e-05,5.915e-05,5.914e-05,272.37927078,259,158,8879.0826,6364,4225,4691.47485025,0.525108944964,4.006761080883212,0.9703025323139932
2018-03-21T00:27:18.713,6e-05,6.08e-05,6.05e-05,278.15377899,251,150,8870.0,6364,4226,4691.25959037,0.5322,2.0764261767193277,1.9515802170372267
2018-03-21T00:27:49.76,5.845e-05,5.822e-05,5.821e-05,280.76233823,243,147,8862.333,6362,4228,4690.59564962,0.51800336385,3.190518909220041,4.29289623786884
2018-03-21T00:28:21.347,6e-05,6.006e-05,6e-05,285.07825456,253,152,8857.0,6372,4228,4692.43505087,0.53142,2.0108523481033824,1.7917306449210988
2018-03-21T00:29:02.65,5.98e-05,5.97e-05,5.841e-05,289.77687156,250,171,8855.98999995,6376,4229,4692.83630738,0.52958820199701,1.2677781726267447,1.9526232057728947
2018-03-21T00:29:33.107,5.955e-05,5.94e-05,5.861e-05,289.93317801,251,176,8855.98999995,6368,4227,4692.99602792,0.5273742044970224,1.1467223938645903,1.871853787253285
2018-03-21T00:30:04.56,5.857e-05,5.939e-05,5.871e-05,293.17638493,250,170,8849.0,6373,4230,4694.6031612,0.51828593,2.353056948163814,1.2406055284476665
2018-03-21T00:30:35.343,5.934e-05,5.939e-05,5.934e-05,293.30694733,251,178,8855.98999995,6375,4229,4692.74380686,0.525514446597033,0.7180555525564983,1.447152308591896
2018-03-21T00:31:06.3,5.934e-05,5.933e-05,5.89e-05,295.03353122,240,175,8855.98999995,6373,4228,4693.86751872,0.525514446597033,1.972411480196054,1.9425161603608558
2018-03-21T00:31:36.71,5.933e-05,5.9e-05,5.895e-05,295.6353822,241,178,8857.0,6376,4227,4693.9843314,0.52548581,1.7041721941593693,2.607779589739398
2018-03-21T00:32:07.97,5.9e-05,5.939e-05,5.933e-05,296.6022557,235,177,8857.0,6382,4227,4696.88275914,0.522563,2.412196559012161,2.5560125658728174
2018-03-21T00:32:38.16,6.095e-05,6e-05,5.968e-05,300.07694785,243,173,8856.0,6388,4229,4696.05631955,0.5397732,1.3966792971079462,2.7647629800448588
2018-03-21T00:33:09.273,5.97e-05,5.97e-05,5.9e-05,301.82451475,237,168,8857.0,6396,4229,4695.89062578,0.5287629,1.4255149886286191,2.9135305252006356
2018-03-21T00:33:40.903,5.9e-05,5.998e-05,5.9e-05,303.8716201,235,174,8858.0,6395,4230,4694.41856522,0.522622,0.7616345886897841,2.2355136248222167
2018-03-21T00:34:11.283,5.981e-05,5.979e-05,5.902e-05,304.06308143,248,176,8870.0,6402,4227,4694.42330865,0.5305147,2.1335706308638462,2.6382092567601307
2018-03-21T00:34:43.16,5.903e-05,5.979e-05,5.906e-05,306.08826262,240,173,8855.0,6390,4227,4694.45618813,0.52271065,3.4024357451964455,1.3612151886081951
2018-03-21T00:35:14.477,5.92e-05,5.958e-05,5.924e-05,306.337555,245,176,8870.0,6391,4226,4694.41643478,0.525104,2.7221752992327355,1.3601271963093222
2018-03-21T00:35:44.257,5.954e-05,5.903e-05,5.9e-05,306.54875411,242,179,8870.0,6393,4227,4694.40541405,0.5281198,1.3330497745418883,1.5395020630664709
2018-03-21T00:36:14.99,5.954e-05,5.954e-05,5.953e-05,308.29664165,245,180,8876.0,6397,4232,4694.40370822,0.5284770400000001,2.379613037531083,2.2065957563899707
2018-03-21T00:36:43.963,5.953e-05,5.953e-05,5.908e-05,309.70598971,244,183,8876.0,6398,4229,4696.29996456,0.52838828,2.2292383566036187,1.7004186219709838
2018-03-21T00:37:17.363,5.909e-05,5.94e-05,5.916e-05,310.61405078,242,183,8897.99,6402,4233,4696.34602524,0.5257822290999999,1.6802865840082728,1.3804164701762307
2018-03-21T00:37:45.79,5.916e-05,5.909e-05,5.907e-05,311.06488422,242,186,8898.0,6400,4231,4698.3942772,0.52640568,0.954987599132634,4.427780984790095
2018-03-21T00:38:18.353,5.838e-05,5.8e-05,5.74e-05,313.08734723,225,191,8898.0,6396,4228,4698.77052759,0.51946524,2.635682437222722,4.5309966643027595
2018-03-21T00:38:52.64,5.63e-05,5.786e-05,5.642e-05,313.62002305,232,195,8898.0,6396,4225,4698.32621813,0.5009574,1.2248639289382395,4.123522451783851
2018-03-21T00:39:33.32,5.76e-05,5.741e-05,5.669e-05,314.16089561,250,201,8899.99,6388,4224,4698.46910858,0.512639424,2.679473388205621,0.7659830298891839
2018-03-21T00:40:04.043,5.683e-05,5.741e-05,5.7e-05,314.25183291,264,200,8898.0,6387,4221,4698.65786006,0.5056733400000001,1.6055673837104998,4.51415239418829
2018-03-21T00:40:34.467,5.741e-05,5.741e-05,5.74e-05,316.52325151,260,197,8898.0,6388,4220,4698.64080019,0.51083418,1.869973168788526,1.1709301325760855
2018-03-21T00:41:05.743,5.869e-05,5.86e-05,5.744e-05,318.10483937,259,198,8899.989,6386,4217,4701.49361292,0.52234035441,2.6179662957140506,1.4777866319324438
2018-03-21T00:41:36.39,5.744e-05,5.797e-05,5.746e-05,319.14313197,256,203,8899.989,6386,4217,4701.49361292,0.51121536816,0.4459162305538571,0.8476472297803697
2018-03-21T00:42:10.09,5.801e-05,5.8e-05,5.749e-05,321.43966976,260,204,8900.0,6391,4220,4701.34193916,0.516289,1.8698492679308145,1.142733913686446
2018-03-21T00:42:41.267,5.824e-05,5.814e-05,5.683e-05,323.32792659,250,206,8900.0,6393,4223,4699.95845,0.518336,1.4435474638938548,1.1835467111069977
2018-03-21T00:43:12.03,5.706e-05,5.75e-05,5.706e-05,323.39312464,258,212,8900.0,6391,4222,4700.33592945,0.507834,1.714974451824897,1.6511198314821247
2018-03-21T00:43:43.47,5.684e-05,5.782e-05,5.707e-05,324.99695742,265,209,8900.0,6394,4220,4699.90500863,0.505876,0.9234393166369724,1.9140579739142354
2018-03-21T00:44:15.113,5.555e-05,5.559e-05,5.556e-05,326.735743,248,212,8900.0,6392,4220,4699.95874466,0.49439500000000003,1.6506961891752134,0.8115009783757257
2018-03-21T00:44:45.183,5.659e-05,5.652e-05,5.561e-05,328.14091048,250,219,8899.99,6393,4222,4699.94858839,0.5036504341,1.3189679400895564,1.477134470378232
2018-03-21T00:45:16.31,5.517e-05,5.601e-05,5.523e-05,329.03869878,255,223,8900.0,6400,4222,4699.00053909,0.49101300000000003,1.9237016329677346,0.9751580399477096
2018-03-21T00:45:47.607,5.59e-05,5.582e-05,5.525e-05,329.79277322,262,216,8899.989,6390,4222,4701.48810886,0.4975093850999999,3.107875969091122,0.9032140279950992
2018-03-21T00:46:19.203,5.591e-05,5.664e-05,5.601e-05,330.45991567,267,216,8899.99000001,6392,4225,4701.04525049,0.4975984409005591,1.8980609733477152,0.5148805606533033
2018-03-21T00:46:50.063,5.659e-05,5.659e-05,5.609e-05,330.98772668,266,228,8899.99000001,6392,4225,4701.04525049,0.5036504341005659,1.324499715466509,0.32727674241965826
2018-03-21T00:47:20.957,5.769e-05,5.76e-05,5.667e-05,332.10611431,271,223,8899.99000001,6394,4228,4700.91321017,0.5134404231005769,1.4736029081974598,0.8929130800301015
2018-03-21T00:47:49.927,5.728e-05,5.728e-05,5.68e-05,333.31768402,270,224,8899.99000001,6399,4229,4700.2137875,0.5097914272005728,1.7221174125601135,0.7452358129264578
2018-03-21T00:48:23.633,5.711e-05,5.738e-05,5.711e-05,333.88940602,268,222,8900.0,6398,4228,4700.52111666,0.508279,1.524406512601863,0.722460541374758
2018-03-21T00:48:54.543,5.667e-05,5.667e-05,5.606e-05,334.8578207,266,222,8899.989,6394,4229,4700.39554108,0.5043623766299999,1.1871577240335578,0.5532544863093874
2018-03-21T00:49:24.373,5.667e-05,5.667e-05,5.609e-05,336.2308651,268,233,8899.989,6394,4229,4700.39554108,0.5043623766299999,1.1463442589503599,0.8670497762259463
2018-03-21T00:50:03.273,5.663e-05,5.666e-05,5.61e-05,336.4789707,280,231,8899.989,6394,4229,4700.39554108,0.50400637707,1.5631627339170633,0.2776351094498816
2018-03-21T00:50:34.15,5.611e-05,5.689e-05,5.611e-05,337.39370054,280,239,8900.0,6396,4228,4700.32344093,0.499379,1.4257488094335282,0.5464492946798722
2018-03-21T00:51:05.813,5.611e-05,5.68e-05,5.611e-05,337.40497602,280,241,8900.0,6396,4228,4700.32344093,0.499379,1.5583968410167583,0.916409875401377
2018-03-21T00:51:36.303,5.677e-05,5.671e-05,5.624e-05,337.46653919,286,246,8900.0,6391,4232,4699.33755787,0.505253,1.6560093687343451,0.6660786087782602
2018-03-21T00:52:07.07,5.67e-05,5.67e-05,5.63e-05,338.77671612,281,246,8862.00000001,6383,4228,4703.66405187,0.5024754000005671,0.6893940362404705,0.44714508480594833
2018-03-21T00:52:38.947,5.67e-05,5.678e-05,5.67e-05,338.98490149,278,253,8899.0,6387,4230,4703.91256326,0.5045733,1.772346861286703,0.5036719260118032
2018-03-21T00:53:09.87,5.681e-05,5.681e-05,5.678e-05,339.41458725,281,248,8899.0,6386,4230,4706.17478425,0.50555219,1.540381850690063,0.6542472725257275
2018-03-21T00:53:40.28,5.7e-05,5.699e-05,5.645e-05,339.97708474,281,251,8899.0,6385,4232,4706.21253698,0.507243,1.5022015620978333,1.2704106458279014
2018-03-21T00:54:12.617,5.699e-05,5.699e-05,5.65e-05,340.17786107,279,253,8924.98999997,6385,4221,4707.5434865,0.5086351800982902,1.4159804648286445,1.3347318709971319
2018-03-21T00:54:42.54,5.656e-05,5.729e-05,5.658e-05,340.49231978,278,252,8934.64478142,6391,4219,4706.09955872,0.5053435088371152,1.9833935300516956,1.659831356880205
2018-03-21T00:55:12.523,5.661e-05,5.715e-05,5.659e-05,340.53097349,275,250,8920.74528712,6386,4225,4706.30241191,0.5050033907038632,1.8754142781244412,1.0902868346401475
2018-03-21T00:55:45.463,5.657e-05,5.656e-05,5.65e-05,341.40215819,271,243,8919.679,6387,4225,4706.54752457,0.50458624103,1.4177722825829142,1.023162434207373
2018-03-21T00:56:16.713,5.6e-05,5.555e-05,5.54e-05,343.0098513,255,245,8935.0,6390,4220,4709.35689679,0.50036,1.0590313916830942,2.3090266219261446
2018-03-21T00:56:47.763,5.515e-05,5.589e-05,5.519e-05,344.62933179,251,241,8936.729,6391,4221,4709.37576411,0.49286060434999995,1.5327266486762625,1.5646123251946729
2018-03-21T00:57:18.833,5.52e-05,5.572e-05,5.52e-05,344.97667186,254,244,8936.729,6389,4222,4709.3668499,0.49330744079999994,1.2089678592526878,0.942324419321753
2018-03-21T00:57:49.55,5.558e-05,5.55e-05,5.52e-05,345.18136053,250,245,8936.729,6393,4220,4707.98066423,0.49670339781999995,0.8515593138497443,0.8181499496594384
2018-03-21T00:58:19.477,5.52e-05,5.481e-05,5.459e-05,345.63201022,242,250,8936.729,6394,4219,4708.1078569,0.49330744079999994,0.82973081551697,0.5468915654256425
2018-03-21T00:58:51.43,5.416e-05,5.454e-05,5.41e-05,347.10238293,232,241,8936.73,6393,4219,4708.49535843,0.4840132968,1.2396602941971762,1.4990656837744822
2018-03-21T00:59:21.773,5.308e-05,5.369e-05,5.315e-05,347.88823136,229,247,8936.73,6395,4218,4708.59984576,0.47436162839999996,1.450050757479039,0.6803759409087623
2018-03-21T00:59:54.31,5.459e-05,5.456e-05,5.372e-05,349.49075043,234,236,8936.73,6393,4215,4708.78678233,0.48785609069999997,0.7295403922753855,1.2796205172681256
2018-03-21T01:00:33.16,5.379e-05,5.379e-05,5.124e-05,352.73773061,228,238,8947.89,6396,4213,4711.79892993,0.48130700309999996,1.1266245763909384,2.398302297994122
2018-03-21T01:01:04.207,5.143e-05,5.143e-05,5.052e-05,354.11787821,225,240,8949.0,6396,4211,4712.18731477,0.46024707,2.7351837801894483,1.8300895563024455
2018-03-21T01:01:34.633,5.033e-05,4.985e-05,4.914e-05,358.45507183,214,237,8972.50999993,6397,4201,4722.06592986,0.45158642829647694,0.8794165696180254,1.5233364058794836
2018-03-21T01:02:05.23,4.915e-05,4.976e-05,4.918e-05,362.02984316,218,232,8972.50999993,6394,4199,4722.11493506,0.4409988664965595,1.5055623367658812,1.3853138579519817
2018-03-21T01:02:36.89,4.7e-05,4.7e-05,4.666e-05,364.90393296,205,233,8976.40799997,6404,4189,4721.77193449,0.42189117599859,0.9588480096733181,1.8549593559241884
2018-03-21T01:03:07.67,4.697e-05,4.697e-05,4.67e-05,368.86765606,212,222,8976.40799997,6397,4189,4720.92107528,0.42162188375859094,1.395848097018628,1.4498695517145848
2018-03-21T01:03:38.553,4.745e-05,4.719e-05,4.702e-05,371.16796842,212,228,8980.00000001,6404,4186,4718.89105411,0.4261010000004746,1.8186568198930404,1.2645978132785753
2018-03-21T01:04:09.323,4.71e-05,4.806e-05,4.71e-05,371.79253368,213,234,8985.73545,6405,4184,4718.88506005,0.423228139695,0.7300489823088699,2.222978016852712
2018-03-21T01:04:40.98,4.787e-05,4.75e-05,4.721e-05,372.65965593,220,239,8980.00000001,6402,4188,4719.33901428,0.4298726000004787,1.0410282817152827,1.169402475310738
2018-03-21T01:05:10.843,4.776e-05,4.745e-05,4.725e-05,374.00186608,212,232,8980.0,6388,4189,4722.48960783,0.42888479999999995,0.6352257022199105,1.1440546677226398
2018-03-21T01:05:42.767,4.851e-05,4.845e-05,4.737e-05,374.65814652,216,235,8960.0,6387,4193,4717.65419346,0.4346496,0.9319845924292742,1.6767991435400158
2018-03-21T01:06:14.143,4.8e-05,4.799e-05,4.755e-05,375.93214146,216,240,8979.99999999,6386,4193,4716.12518915,0.43103999999952,0.4516137324825148,0.8219177495512162
2018-03-21T01:06:44.807,4.667e-05,4.666e-05,4.6e-05,377.20826367,208,243,8960.0,6385,4197,4719.26644319,0.4181632,0.320038127867931,1.4523636540905143
2018-03-21T01:07:15.383,4.603e-05,4.6e-05,4.575e-05,378.23817271,204,241,8977.99999999,6386,4196,4719.70308297,0.4132573399995396,0.2166021788987082,2.0884054145285686
2018-03-21T01:07:45.983,4.561e-05,4.599e-05,4.561e-05,378.91508055,208,250,8978.0,6396,4199,4719.7931186,0.40948658,1.0376041295668603,1.843055545988296
2018-03-21T01:08:16.83,4.51e-05,4.51e-05,4.308e-05,381.09011219,192,241,8975.99999998,6401,4203,4720.82199781,0.404817599999098,4.893718499416493,0.5498230757145756
2018-03-21T01:08:48.867,4.365e-05,4.467e-05,4.368e-05,382.44075438,209,244,8975.99999998,6399,4201,4721.2076109,0.39180239999912697,1.8733379868661437,1.0601872562287804
2018-03-21T01:09:18.837,4.533e-05,4.6e-05,4.523e-05,382.89774085,211,238,8974.0,6400,4205,4721.29607127,0.40679142,5.110108395600775,2.08975686992605
2018-03-21T01:09:51.027,4.6e-05,4.588e-05,4.526e-05,383.57815489,209,241,8974.0,6400,4205,4721.29607127,0.412804,4.498731455987606,0.9981489706389098
2018-03-21T01:10:22.517,4.525e-05,4.646e-05,4.543e-05,384.67276709,219,245,8974.0,6403,4204,4720.31066804,0.40607350000000003,1.1920746349476696,2.008166711684821
2018-03-21T01:11:01.22,4.543e-05,4.535e-05,4.526e-05,384.89516126,209,260,8974.0,6400,4206,4720.33488132,0.40768881999999995,5.35860206645782,1.9213983352333492
2018-03-21T01:11:33.36,4.581e-05,4.582e-05,4.581e-05,386.07557979,213,261,8960.00000002,6395,4208,4720.3663623,0.41045760000091613,4.009504814184059,0.6432560137808775
2018-03-21T01:12:05.363,4.599e-05,4.63e-05,4.599e-05,386.22606567,209,256,8960.00000002,6395,4208,4720.3663623,0.41207040000091977,2.587504964154219,1.443379868349366
2018-03-21T01:12:34.68,4.63e-05,4.67e-05,4.641e-05,386.91563008,207,259,8974.0,6387,4208,4719.87452392,0.4154962,1.232936607195286,0.7083484000220523
2018-03-21T01:13:06.883,4.798e-05,4.948e-05,4.9e-05,388.13833617,216,245,8960.0,6382,4211,4724.01140305,0.42990079999999997,2.184519772009224,2.8405349060955296
2018-03-21T01:13:37.45,4.89e-05,4.895e-05,4.8e-05,391.09151659,215,248,8960.0,6384,4209,4722.85241593,0.43814400000000003,2.0540192024854855,2.5528643275880967
2018-03-21T01:14:09.16,4.836e-05,4.836e-05,4.808e-05,393.58864457,219,243,8974.0,6385,4213,4715.26945463,0.43398264,2.15781807857713,1.6031542510967016
2018-03-21T01:14:39.54,4.836e-05,4.89e-05,4.837e-05,394.19713359,216,238,8989.63636364,6393,4200,4716.93157281,0.4347388145456304,1.7734902758215751,1.6420789799319948
2018-03-21T01:15:10.813,4.888e-05,4.947e-05,4.89e-05,394.66441254,212,243,8960.00000002,6393,4202,4717.04147414,0.4379648000009776,1.875468543769785,1.8161685813131763
2018-03-21T01:15:43.77,4.942e-05,4.953e-05,4.942e-05,395.23661834,214,242,8960.00000002,6391,4206,4717.1980244,0.4428032000009884,1.3769454406695618,1.6513598057345138
2018-03-21T01:16:15.113,4.935e-05,4.887e-05,4.724e-05,402.17501904,207,239,8960.00000002,6391,4206,4717.1980244,0.442176000000987,0.7596415072996923,1.4782537537852003
2018-03-21T01:16:46.837,4.875e-05,4.873e-05,4.8e-05,402.2528012,217,244,8986.99999999,6389,4209,4717.34273971,0.43811624999951243,0.7654265495110627,2.427537660394599
2018-03-21T01:17:17.473,4.8e-05,4.799e-05,4.77e-05,403.30012532,216,246,8960.00000003,6393,4208,4717.90226705,0.43008000000144003,1.228911932584157,1.4412596114669496
2018-03-21T01:17:48.63,4.8e-05,4.863e-05,4.771e-05,404.26163746,223,244,8983.99999999,6386,4210,4720.55602843,0.43123199999952,1.7533002709641845,1.5037633600502573
2018-03-21T01:18:18.803,4.797e-05,4.853e-05,4.8e-05,404.35073243,224,252,8981.99999999,6386,4209,4720.14949685,0.4308665399995203,1.7882765900294997,1.4692350782243877
2018-03-21T01:18:50.133,4.844e-05,4.844e-05,4.82e-05,404.41075678,219,250,8981.99999999,6386,4209,4720.14949685,0.43508807999951554,1.6813596286799717,1.214850801994278
2018-03-21T01:19:18.48,4.844e-05,4.844e-05,4.822e-05,404.89856848,222,252,8960.0,6382,4210,4720.82068029,0.4340224,1.5294158473050803,1.2340860346063616
2018-03-21T01:19:52.207,4.77e-05,4.799e-05,4.709e-05,405.79972185,214,260,8960.0,6380,4210,4720.23462883,0.427392,1.634941958071539,0.6738328730052744
2018-03-21T01:20:23.16,4.714e-05,4.77e-05,4.659e-05,407.83898697,221,263,8959.0,6379,4212,4720.09731152,0.42232726,1.5167665044498895,0.7494711864506594
2018-03-21T01:20:54.197,4.63e-05,4.631e-05,4.63e-05,408.36868506,222,267,8959.0,6379,4212,4720.09731152,0.4148017,1.194860586482024,0.33047244275777493
2018-03-21T01:21:32.187,4.648e-05,4.7e-05,4.656e-05,408.85650983,226,265,8958.0,6380,4212,4714.99209368,0.41636784000000004,0.49585029941174946,2.068198836294794
2018-03-21T01:22:04.04,4.654e-05,4.633e-05,4.632e-05,408.86655065,225,260,8958.0,6380,4212,4714.99209368,0.41690531999999997,0.9945537520668397,1.576081493083377
2018-03-21T01:22:35.01,4.654e-05,4.699e-05,4.656e-05,408.97599967,229,261,8936.73,6382,4216,4715.06709368,0.41591541419999994,1.833853885094263,1.8084127107037429
2018-03-21T01:23:05.663,4.7e-05,4.758e-05,4.752e-05,409.25854285,232,263,8936.73,6391,4222,4714.91898938,0.42002630999999996,1.7177969259008896,2.2350293353004154
2018-03-21T01:23:39.65,4.656e-05,4.76e-05,4.656e-05,410.95227056,230,263,8936.72899999,6391,4223,4711.90965435,0.4160941022395344,1.5262660012382854,1.958278862402656
2018-03-21T01:24:11.013,4.656e-05,4.699e-05,4.66e-05,410.96256953,234,267,8936.0,6390,4223,4712.51936429,0.41606016,1.6888154054743305,2.047362257408145
2018-03-21T01:24:41.297,4.739e-05,4.72e-05,4.663e-05,411.08221444,235,265,8935.0,6387,4223,4713.8260657,0.42342965,0.8709873804043617,2.1101578362397113
2018-03-21T01:25:10.487,4.715e-05,4.72e-05,4.668e-05,411.12912803,228,265,8936.0,6373,4224,4716.11605273,0.4213324,0.8063430531380451,1.6851208425416675
2018-03-21T01:25:44.823,4.668e-05,4.714e-05,4.673e-05,411.41549282,232,265,8936.0,6373,4224,4716.11605273,0.41713248,1.3208065496379686,0.9467122622409558
2018-03-21T01:26:15.293,4.805e-05,4.715e-05,4.674e-05,411.74336153,231,265,8936.0,6373,4224,4713.77215869,0.4293748,1.0596772774924625,0.9729340704401558
2018-03-21T01:26:46.89,4.805e-05,4.776e-05,4.716e-05,411.74336153,231,265,8936.0,6374,4224,4713.01680659,0.4293748,1.415474961646383,1.4977083737307753
2018-03-21T01:27:17.517,4.758e-05,4.758e-05,4.721e-05,411.85781948,232,269,8903.75700001,6377,4223,4712.95838243,0.42364075806047585,0.962792500527706,0.8673216448236903
2018-03-21T01:27:47.88,4.716e-05,4.716e-05,4.674e-05,412.25543104,233,273,8909.31930284,6384,4224,4712.5788037,0.42016349832193445,0.9595680906795123,0.7831614579276107
2018-03-21T01:28:19.29,4.714e-05,4.718e-05,4.714e-05,412.47024016,229,273,8909.31930284,6384,4224,4712.5788037,0.4199853119358776,0.991563485235277,0.7337880935681476
2018-03-21T01:28:47.087,4.714e-05,4.718e-05,4.714e-05,412.78641782,234,277,8916.739,6398,4222,4712.75109786,0.42033507645999996,1.7932030631885019,0.7481580935681476
2018-03-21T01:29:21.847,4.868e-05,4.887e-05,4.875e-05,414.024916,237,263,8935.0,6400,4224,4712.96099818,0.4349558,4.0662859122545285,1.032786661609456
2018-03-21T01:29:52.193,4.815e-05,4.815e-05,4.77e-05,414.55361359,242,268,8935.0,6400,4224,4712.96099818,0.43022024999999997,4.535651732128124,1.24383292801374
2018-03-21T01:30:23.35,4.897e-05,4.876e-05,4.784e-05,414.62698644,244,269,8920.00000027,6393,4228,4712.90430282,0.4368124000132219,0.8756735451585304,1.3338641998206495
2018-03-21T01:30:53.273,4.847e-05,4.869e-05,4.847e-05,414.64241849,240,268,8935.0,6394,4228,4714.55115775,0.43307945000000003,0.43415449838034836,1.930674641461469
2018-03-21T01:31:22.54,4.807e-05,4.847e-05,4.807e-05,414.77287393,237,267,8935.0,6391,4226,4714.37846226,0.42950545,3.0107715706247413,2.0705083665052917
2018-03-21T01:32:10.78,4.872e-05,4.865e-05,4.809e-05,415.0175447,240,267,8936.0,6389,4219,4714.9587923,0.43536192,0.6695277270751676,1.943065796424867
2018-03-21T01:32:41.69,4.865e-05,4.865e-05,4.811e-05,415.03249162,240,270,8935.0,6392,4221,4715.06566956,0.43468775,4.011408077768875,1.7401030225172052
2018-03-21T01:33:12.21,4.865e-05,4.871e-05,4.865e-05,415.5996779,234,269,8936.0,6394,4221,4715.73978854,0.43473639999999997,3.1995595184894507,1.6962686428736091
2018-03-21T01:33:45.813,4.899e-05,4.871e-05,4.817e-05,415.87940044,237,272,8936.0,6395,4222,4715.44437762,0.43777464,4.5194894715433644,1.3926235766776986
2018-03-21T01:34:16.173,4.899e-05,4.899e-05,4.819e-05,416.18504988,239,271,8936.73,6395,4222,4715.57703428,0.43781040269999993,0.8142642103115854,2.143357359028854
2018-03-21T01:34:44.21,4.946e-05,4.941e-05,4.899e-05,416.51062625,241,275,8936.73,6400,4221,4715.28087586,0.4420106658,3.3960128967194287,1.322104622473395
2018-03-21T01:35:17.477,4.899e-05,4.899e-05,4.855e-05,416.6831158,242,279,8950.0,6402,4218,4715.55099659,0.4384605,1.0686724613006597,1.7436901779515164
2018-03-21T01:35:48.18,4.899e-05,4.899e-05,4.888e-05,416.73694518,239,279,8957.99999999,6401,4219,4715.57945341,0.43885241999951,0.9871670655431015,1.9344380853805723
2018-03-21T01:36:19.31,4.888e-05,4.888e-05,4.855e-05,416.8044908,237,280,8957.99999999,6401,4219,4715.57945341,0.43786703999951115,3.4057467119541753,2.035166623066927
2018-03-21T01:36:51.653,4.819e-05,4.809e-05,4.807e-05,417.16273958,235,276,8954.99999999,6400,4220,4715.74146158,0.43154144999951805,3.516384750248345,2.1401053584465597
2018-03-21T01:37:21.957,4.807e-05,4.87e-05,4.807e-05,417.33407543,236,277,8954.99999999,6403,4220,4715.15933259,0.43046684999951923,3.0619863543688015,2.246042612040348
2018-03-21T01:37:52.537,4.759e-05,4.757e-05,4.685e-05,420.35467114,226,279,8954.99999999,6401,4223,4713.61912317,0.426168449999524,1.2571112509551856,3.410473235666075
2018-03-21T01:38:24.223,4.674e-05,4.674e-05,4.673e-05,421.17387881,223,281,8937.0,6397,4223,4707.16816744,0.41771538,1.4133604327622151,3.996687017725472
2018-03-21T01:38:55.177,4.674e-05,4.739e-05,4.674e-05,421.22478408,225,279,8940.0,6399,4226,4704.07581694,0.41785560000000005,1.4483819412579166,1.1462031582580692
2018-03-21T01:39:26.26,4.739e-05,4.739e-05,4.691e-05,421.24701727,240,281,8937.0,6399,4226,4696.365166,0.42352443,1.4799031482545844,1.8936261854092884
2018-03-21T01:39:54.027,4.739e-05,4.739e-05,4.691e-05,421.28039777,240,286,8940.0,6400,4227,4695.91616833,0.4236666,1.6222167138407906,1.6123812071318004
2018-03-21T01:40:27.573,4.69e-05,4.738e-05,4.69e-05,421.50985401,232,287,8916.739,6393,4225,4694.19958136,0.4181950591,1.6060249248107397,2.0574642909736536
2018-03-21T01:40:59.23,4.625e-05,4.625e-05,4.601e-05,423.96109897,211,290,8938.5,6389,4227,4694.09131675,0.413405625,0.19491116819790805,2.2418991310374485
2018-03-21T01:41:28.7,4.58e-05,4.601e-05,4.579e-05,424.49528335,211,287,8917.31930284,6390,4228,4693.93543978,0.408413224070072,0.15042692501292718,1.0974798519179967
2018-03-21T01:42:43.627,4.718e-05,4.6e-05,4.598e-05,425.81841138,227,287,8990.0,6390,4206,4698.00496264,0.4241482,0.3427543986516973,1.8044783521868328
2018-03-21T01:43:14.807,4.6e-05,4.697e-05,4.6e-05,426.17950247,228,288,8990.0,6390,4206,4698.00496264,0.41354,0.176093883150733,1.7809882714939982
2018-03-21T01:43:46.667,4.6e-05,4.684e-05,4.6e-05,426.25164468,231,289,8940.00000001,6393,4213,4693.78468843,0.41124000000046,0.21093230021896572,1.6692565949392424
2018-03-21T01:44:17.463,4.6e-05,4.675e-05,4.6e-05,426.48925102,230,285,8988.96999999,6392,4215,4693.34317122,0.41349261999954,0.68750084820282,2.251844283674705
2018-03-21T01:44:46.16,4.663e-05,4.662e-05,4.601e-05,427.04243411,230,286,8962.000099,6392,4215,4693.3295571,0.41789806461637,1.0752525268626378,1.84234259250098
2018-03-21T01:45:18.117,4.663e-05,4.657e-05,4.598e-05,427.04243411,230,286,8961.700099,6390,4214,4675.01888464,0.41788407561637,1.1619541102244726,1.4081130486876063
2018-03-21T01:45:49.67,4.663e-05,4.647e-05,4.602e-05,427.24307408,234,282,8941.0,6390,4210,4694.12295966,0.41691883,1.0281285497690766,1.3663085483991877
2018-03-21T01:46:19.53,4.64e-05,4.649e-05,4.64e-05,427.46133466,237,285,8962.000099,6384,4215,4691.30267733,0.41583680459360006,0.9801440801092822,1.463772370037982
2018-03-21T01:46:52.123,4.611e-05,4.64e-05,4.611e-05,427.60894237,236,290,8962.0,6392,4213,4686.17952882,0.41323782,0.7048333002767762,1.324524653329458
2018-03-21T01:47:20.753,4.637e-05,4.637e-05,4.613e-05,427.61177127,236,289,8962.0,6392,4215,4677.12991187,0.41556793999999997,0.8248984775523924,0.6332934648339119
2018-03-21T01:47:50.367,4.637e-05,4.64e-05,4.614e-05,427.62985117,240,289,8955.03430789,6392,4217,4677.28484506,0.4152449408568593,1.1155177130992129,1.2120446037680805
2018-03-21T01:48:25.74,4.66e-05,4.719e-05,4.664e-05,427.72728064,239,285,8955.03430789,6391,4218,4677.270099,0.417304598747674,0.4551792415248229,1.7686751263567968
2018-03-21T01:48:56.93,4.659e-05,4.716e-05,4.642e-05,428.23302825,238,292,8955.03430789,6391,4218,4677.270099,0.4172150484045951,0.6358636007198144,2.0483387505891377
2018-03-21T01:49:26.603,4.705e-05,4.7e-05,4.647e-05,428.33690365,240,293,8941.0,6388,4218,4675.63384916,0.42067404999999997,0.6566509192675521,1.6214912982761889
2018-03-21T01:49:57.437,4.65e-05,4.689e-05,4.647e-05,428.4674341,237,289,8962.0,6381,4222,4688.98656949,0.41673299999999996,0.8132680441371474,1.1716467935895587
2018-03-21T01:50:28.98,4.649e-05,4.7e-05,4.649e-05,429.06352414,240,298,8962.0,6379,4227,4689.09615251,0.41664337999999995,1.1788348288347157,1.1723513618990908
2018-03-21T01:50:59.997,4.649e-05,4.688e-05,4.651e-05,429.30705357,239,293,8950.0,6377,4229,4690.27204786,0.4160855,0.9602181916718672,0.4586584642610255
2018-03-21T01:51:31.217,4.649e-05,4.64e-05,4.637e-05,429.32241975,235,294,8950.0,6380,4230,4690.92220668,0.4160855,0.24523868150248362,1.5385067447677845
2018-03-21T01:52:00.95,4.637e-05,4.636e-05,4.599e-05,430.55370015,227,286,8950.0,6370,4233,4690.20701491,0.4150115,1.5322576342458298,1.2212853206794507
2018-03-21T01:53:03.53,4.674e-05,4.7e-05,4.674e-05,431.70635953,238,286,8962.0,6368,4229,4690.5198946,0.41888388000000004,2.6225789661992507,1.9507406493320167
2018-03-21T01:53:35.78,4.674e-05,4.673e-05,4.645e-05,431.71673341,236,287,8962.0,6372,4229,4690.60423877,0.41888388000000004,2.7147289061871662,1.6795523598766973
2018-03-21T01:54:06.187,4.701e-05,4.701e-05,4.689e-05,431.94026546,234,280,8962.0,6368,4229,4691.08837243,0.42130362,1.804773111878288,1.5749254113064897
2018-03-21T01:54:36.187,4.705e-05,4.717e-05,4.677e-05,432.75246275,233,281,8962.0,6363,4207,4689.35377946,0.4216621,1.8208990625411392,1.253990287218907
2018-03-21T01:55:09.47,4.677e-05,4.677e-05,4.638e-05,432.81871956,234,277,8962.0,6364,4207,4688.99210853,0.41915274,1.5804151373975044,1.164596639370702
2018-03-21T01:55:40.22,4.637e-05,4.717e-05,4.638e-05,432.90998011,233,279,8962.0,6367,4210,4688.40605118,0.41556793999999997,2.0524098483674345,1.1507987290420894
2018-03-21T01:56:11.75,4.637e-05,4.707e-05,4.638e-05,433.01317518,233,283,8962.0,6364,4210,4685.64146013,0.41556793999999997,1.854988153165975,1.4107300688278719
2018-03-21T01:56:41.69,4.637e-05,4.699e-05,4.638e-05,433.01317518,233,283,8962.000099,6361,4209,4685.84192053,0.41556794459063,2.688871824144894,1.5477483923529147
2018-03-21T01:57:12.22,4.637e-05,4.698e-05,4.637e-05,433.08970009,233,288,8962.0,6363,4208,4681.15798253,0.41556793999999997,1.852479345617399,1.5449416941496714
2018-03-21T01:57:39.44,4.638e-05,4.68e-05,4.64e-05,433.16728564,236,288,8965.0,6360,4206,4680.67848846,0.4157967,1.9287824449504136,1.467078419016148
2018-03-21T01:58:16.08,4.637e-05,4.697e-05,4.636e-05,433.50739487,233,289,8965.0,6358,4203,4682.29183688,0.41570704999999997,1.6001422900428133,1.6767671417310344
2018-03-21T01:58:46.58,4.696e-05,4.68e-05,4.636e-05,433.5202595,236,291,8985.0,6362,4203,4683.80576641,0.42193559999999997,2.4206512091981844,1.7380374947136685
2018-03-21T01:59:17.313,4.696e-05,4.678e-05,4.636e-05,433.5202595,236,291,8943.0,6358,4203,4684.19292545,0.41996328,2.4172399227032235,2.2731241842120378
2018-03-21T01:59:49.157,4.611e-05,4.677e-05,4.607e-05,433.9495755,235,289,8985.0,6360,4209,4684.07817281,0.41429835,1.9948171654698648,2.1421693520546246
2018-03-21T02:00:19.97,4.63e-05,4.63e-05,4.611e-05,433.96767959,238,288,8985.0,6360,4209,4684.07817281,0.41600550000000003,1.9918938610445083,1.586699275276915
2018-03-21T02:00:43.767,4.608e-05,4.63e-05,4.608e-05,434.4597984,236,289,8984.0,6358,4218,4683.8149298,0.41398271999999997,1.5245023349988935,1.633291584695836
2018-03-21T02:01:21.457,4.608e-05,4.608e-05,4.6e-05,434.53801954,236,292,8943.0,6357,4218,4682.9208774,0.41209344,1.2251146236219612,1.6216237748930442
2018-03-21T02:01:51.813,4.599e-05,4.57e-05,4.556e-05,436.00653645,225,293,8984.0,6354,4222,4680.16827855,0.41317416,0.10100706733169959,0.9688879198020658
2018-03-21T02:02:20.943,4.549e-05,4.549e-05,4.527e-05,436.22424561,210,293,8950.0,6357,4225,4680.33598652,0.4071355,2.2552116760923857,0.9820231188141507
2018-03-21T02:02:55.007,4.526e-05,4.526e-05,4.525e-05,436.29412928,211,294,8950.0,6355,4223,4680.40293091,0.40507699999999996,1.016316621012341,1.3001287810142896
2018-03-21T02:03:33.883,4.322e-05,4.45e-05,4.381e-05,437.08386404,212,298,8976.40799997,6351,4221,4680.42852055,0.38796035375870347,0.9141810002721045,0.9695769144317639
2018-03-21T02:04:05.163,4.34e-05,4.34e-05,4.338e-05,437.30224594,220,296,8976.40799997,6356,4223,4680.44979498,0.389576107198698,1.1901050733399772,0.6424760836710652
2018-03-21T02:04:35.65,4.445e-05,4.476e-05,4.45e-05,437.58688261,230,292,8976.40799997,6356,4223,4680.44979498,0.3990013355986666,0.9540311002904884,0.941278156819661
2018-03-21T02:05:07.93,4.476e-05,4.583e-05,4.476e-05,438.11477223,222,287,8951.0,6360,4227,4680.1728145,0.40064676,0.8084261063979736,1.4229653003797103
2018-03-21T02:05:37.807,4.476e-05,4.575e-05,4.476e-05,438.50561511,220,285,8950.0,6360,4227,4680.90917419,0.40060199999999996,0.7751078931111421,1.7459923685006913
2018-03-21T02:06:09.763,4.575e-05,4.563e-05,4.483e-05,438.58356597,216,287,8943.01005002,6361,4225,4680.67126026,0.40914270978841505,1.8148237029792127,1.61252738414484
2018-03-21T02:06:39.5,4.476e-05,4.476e-05,4.451e-05,438.95626493,221,293,8951.0,6358,4225,4679.54975713,0.40064676,2.4509526952373775,0.8142654894828156
2018-03-21T02:07:10.83,4.401e-05,4.451e-05,4.401e-05,439.20178837,225,295,8951.0,6358,4225,4679.54975713,0.39393351,2.4625295613732288,1.1080357653346629
2018-03-21T02:07:48.817,4.402e-05,4.45e-05,4.403e-05,439.28501402,228,299,8951.0,6351,4227,4679.65706246,0.39402302,2.6176373659163152,0.3561943281864633
2018-03-21T02:08:18.26,4.404e-05,4.44e-05,4.404e-05,439.3130717,232,298,8951.0,6356,4224,4687.06462569,0.39420204,2.095054973730678,0.37071916974749625
2018-03-21T02:08:53.06,4.409e-05,4.45e-05,4.44e-05,439.34673966,235,297,8954.51250002,6345,4219,4691.76454928,0.39480445612588183,1.9266806792529028,0.3644217644022113
2018-03-21T02:09:23.237,4.451e-05,4.483e-05,4.451e-05,439.61250454,237,294,8958.09430506,6354,4223,4694.13831485,0.3987247775182206,1.937392732431262,1.2397453947642911
2018-03-21T02:09:52.977,4.451e-05,4.483e-05,4.451e-05,439.96812042,235,296,8958.09430509,6352,4222,4695.83996594,0.39872477751955593,1.7182870171987352,1.232863720308243
2018-03-21T02:10:24.543,4.483e-05,4.483e-05,4.455e-05,439.98151362,238,298,8960.00000001,6355,4220,4698.50641231,0.40167680000044836,1.87208485564062,1.9914687525832118
2018-03-21T02:10:58.14,4.455e-05,4.455e-05,4.405e-05,440.20165407,236,301,8940.38,6347,4219,4704.06422396,0.39829392899999994,1.834350492826593,1.9125788587140835
2018-03-21T02:11:28.517,4.403e-05,4.5e-05,4.409e-05,440.64465991,229,302,8941.38091,6348,4220,4712.04742396,0.39368900146729996,2.077735064756922,2.0676070134024593
2018-03-21T02:12:00.953,4.499e-05,4.413e-05,4.411e-05,441.07938161,229,301,8981.0,6349,4220,4713.75061328,0.40405519,2.2490996007376243,1.361998728207348
2018-03-21T02:12:34.267,4.4e-05,4.498e-05,4.401e-05,441.68355107,224,301,8940.38000001,6351,4220,4714.72834046,0.39337672000044,0.8216862015005809,2.024520969445097
2018-03-21T02:13:05.85,4.399e-05,4.381e-05,4.373e-05,442.98948847,224,296,8982.0,6351,4221,4714.74794532,0.39511818,0.38069499306903276,1.7491645023064726
2018-03-21T02:14:02.273,4.4e-05,4.441e-05,4.4e-05,443.64446073,225,293,8925.0,6338,4220,4727.80272471,0.3927,1.3794453271943476,1.5133129512725743
2018-03-21T02:14:27.357,4.4e-05,4.439e-05,4.405e-05,443.64446073,225,293,8944.06975001,6342,4228,4734.96151366,0.39353906900043994,1.5882244886260004,0.999322887223447
2018-03-21T02:15:00.42,4.405e-05,4.439e-05,4.405e-05,443.68964693,230,298,8978.0,6342,4230,4739.15408021,0.3954809,0.7727769798178563,1.0365073644096425
2018-03-21T02:15:36.107,4.4e-05,4.431e-05,4.4e-05,444.60767371,229,298,8977.99999998,6347,4230,4739.49353611,0.39503199999912,0.8906902786403074,0.8369545928399523
2018-03-21T02:16:07.53,4.4e-05,4.431e-05,4.4e-05,444.66105434,229,299,8977.99999999,6348,4230,4740.03561619,0.39503199999955996,0.8373096416972673,0.8369545928399523
2018-03-21T02:16:39.64,4.4e-05,4.41e-05,4.4e-05,444.67801598,231,299,8977.99999997,6345,4230,4743.17118918,0.39503199999867994,0.8210106723974673,0.8407713064421102
2018-03-21T02:17:10.487,4.41e-05,4.4e-05,4.399e-05,444.77988527,229,298,8977.99999997,6350,4231,4740.54391609,0.395929799998677,0.6565135120410426,1.1222933886511268
2018-03-21T02:17:41.133,4.373e-05,4.373e-05,4.326e-05,445.39978082,225,299,8977.99999997,6348,4230,4746.32865421,0.3926079399986881,1.6322007394270837,1.0907692144019978
2018-03-21T02:18:11.377,4.333e-05,4.371e-05,4.33e-05,446.18199689,226,297,8925.1000002,6344,4232,4749.74963114,0.386724583008666,0.8198227818815371,1.2008593397389875
2018-03-21T02:18:42.753,4.33e-05,4.326e-05,4.324e-05,447.2825924,223,293,8945.00000001,6348,4228,4758.9008807,0.38731850000043305,0.5336073170695973,1.8289823237170892
2018-03-21T02:19:20.917,4.329e-05,4.329e-05,4.327e-05,447.49612119,224,286,8945.00000001,6348,4228,4767.7638114,0.38722905000043295,0.5697523532692348,1.0379293381328598
2018-03-21T02:19:51.937,4.33e-05,4.371e-05,4.33e-05,447.57126353,228,289,8942.632,6346,4229,4777.34205317,0.3872159656,0.5989174163073587,1.7128648607943937
2018-03-21T02:20:20.847,4.329e-05,4.329e-05,4.327e-05,447.68182565,226,293,8977.99999997,6345,4229,4777.93533925,0.3886576199987013,0.5699795936216691,1.787163614890373
2018-03-21T02:20:56.997,4.327e-05,4.327e-05,4.32e-05,447.98133001,223,294,8977.99999997,6345,4229,4777.93533925,0.38847805999870183,0.5714227870554989,1.1140081350069315
2018-03-21T02:21:29.22,4.327e-05,4.328e-05,4.327e-05,448.40983543,209,291,8977.99999997,6344,4227,4777.39770232,0.38847805999870183,1.1433448449947046,1.8830359320000882
2018-03-21T02:21:56.897,4.3e-05,4.307e-05,4.3e-05,448.54219058,209,294,8952.06299891,6342,4229,4777.6570253,0.38493870895313,1.4011209355542904,1.1702913248388496
2018-03-21T02:22:27.663,4.295e-05,4.306e-05,4.271e-05,448.59547465,213,287,8952.06299891,6342,4229,4777.6570253,0.3844911058031845,1.2795933659186158,1.2134614466872642
2018-03-21T02:23:02.227,4.271e-05,4.3e-05,4.271e-05,449.43657666,213,285,8946.98735901,6340,4231,4778.25042039,0.38212583010331713,1.0870361932678343,0.809707356046206
2018-03-21T02:23:33.087,4.373e-05,4.372e-05,4.3e-05,450.05929826,217,281,8925.10000137,6335,4235,4778.87733672,0.3902946230599101,2.050224204197948,2.4284111663412182
2018-03-21T02:24:34.537,4.3e-05,4.39e-05,4.276e-05,453.16920304,218,286,8925.0,6336,4237,4773.51401219,0.38377500000000003,0.36218738885471646,0.9919729039010189
2018-03-21T02:25:06.353,4.3e-05,4.35e-05,4.282e-05,453.16920304,218,286,8925.0,6336,4237,4773.51401219,0.38377500000000003,0.8661547424969129,1.9994895951230642
2018-03-21T02:25:36.417,4.3e-05,4.349e-05,4.3e-05,453.53219832,224,292,8950.0,6336,4236,4773.09396457,0.38485,0.8649790126252255,1.1748400621819537
2018-03-21T02:26:07.383,4.285e-05,4.298e-05,4.285e-05,453.98900536,222,294,8925.0,6331,4239,4773.76145059,0.38243625,0.48730358931017814,1.0692954842162832
2018-03-21T02:26:36.383,4.277e-05,4.3e-05,4.277e-05,454.11654667,220,292,8925.0,6332,4239,4774.24191481,0.38172225,0.991577713411375,1.1214646194210405
2018-03-21T02:27:09.09,4.27e-05,4.27e-05,4.252e-05,454.51224044,214,294,8925.0,6330,4240,4775.8537046,0.38109750000000003,0.7984431434142512,1.079487851094269
2018-03-21T02:27:38.47,4.191e-05,4.191e-05,4.15e-05,455.50654028,202,299,8925.0,6330,4240,4776.07279192,0.37404675,0.2512483786012001,1.0867455505661423
2018-03-21T02:28:10.817,4.109e-05,4.185e-05,4.15e-05,456.38391484,201,300,8925.0,6332,4242,4778.07246064,0.36672825000000003,0.2547391782309415,0.7972995084015508
2018-03-21T02:28:42.59,4.191e-05,4.266e-05,4.191e-05,457.2692855,206,301,8929.0,6335,4241,4777.50881237,0.37421438999999995,1.273634658510062,1.2545493838157926
2018-03-21T02:29:13.53,4.15e-05,4.18e-05,4.149e-05,458.60627893,208,308,8929.0,6336,4241,4777.52381137,0.3705535,0.4566072573407884,1.2155309493561188
2018-03-21T02:29:45.423,4.149e-05,4.149e-05,4.112e-05,458.73324728,214,309,8929.0,6339,4242,4778.44455444,0.37046420999999996,0.5395117496675377,1.7780947241750702
2018-03-21T02:30:19.397,4.112e-05,4.112e-05,4.1e-05,458.7733594,216,309,8925.0,6330,4238,4782.41310479,0.366996,0.49266307578275403,1.4697233826810896
2018-03-21T02:30:48.177,4.079e-05,4.078e-05,4.077e-05,458.95053352,214,301,8929.0,6334,4237,4782.30452101,0.36421391000000003,0.678177193131388,1.3314055384228982
2018-03-21T02:31:21.303,4.059e-05,4.056e-05,4.04e-05,459.34507134,205,301,8975.0,6331,4234,4782.65719221,0.36429525,1.2110163137770396,1.6952170691432555
2018-03-21T02:31:51.71,4.001e-05,4.001e-05,4e-05,460.39082456,192,310,8970.998,6334,4239,4782.17202354,0.35892962997999994,0.8876450404267643,1.469557540799856
2018-03-21T02:32:25.73,3.995e-05,3.901e-05,3.9e-05,461.56079292,203,299,8970.99799999,6333,4237,4781.83973114,0.35839137009960054,0.30216395766122633,1.3592023355928522
2018-03-21T02:32:56.373,3.995e-05,4.07e-05,3.995e-05,462.64233896,204,295,8970.998,6334,4237,4782.00782776,0.3583913701,1.077265359383264,0.39492018642504934
2018-03-21T02:33:27.237,4.049e-05,4.047e-05,4e-05,462.9292921,211,293,8931.0,6335,4238,4779.95046918,0.36161619,1.0363028087416266,0.7756810926100014
2018-03-21T02:33:57.58,4e-05,4e-05,3.92e-05,463.32786649,213,297,8931.0,6334,4238,4780.16125544,0.35724,1.0664417971408062,1.4284122592692132
2018-03-21T02:34:30.277,3.99e-05,4.05e-05,4.002e-05,463.33492546,215,302,8931.0,6334,4238,4780.16125544,0.3563469,2.8385552741860476,0.5276096981892517
2018-03-21T02:35:12.073,4.009e-05,4.065e-05,4.009e-05,465.97220018,211,303,8931.0,6334,4238,4780.16125544,0.35804379,2.1060259577481766,1.1878690462583197
2018-03-21T02:35:42.003,4.07e-05,4.1e-05,4.018e-05,468.68684451,203,298,8931.0,6335,4242,4780.02849256,0.3634917,1.1694080983775044,0.8148720962676786
2018-03-21T02:36:13.723,4.022e-05,4.099e-05,4.023e-05,468.98470241,210,306,8930.0,6334,4242,4779.81062744,0.3591646,1.8809632778234393,1.2359942883148232
2018-03-21T02:36:43.62,4.149e-05,4.148e-05,4.028e-05,470.99288448,201,308,8969.9979998,6336,4239,4779.81109053,0.37216521701170197,0.3252633177479471,0.8778878262139664
2018-03-21T02:37:15.297,4.023e-05,4.083e-05,4.036e-05,471.25355788,202,313,8969.9979998,6336,4239,4779.81109053,0.360863019531954,0.6344539743433459,1.1555488696920473
2018-03-21T02:37:46.223,3.925e-05,3.995e-05,3.925e-05,472.40990746,193,315,8960.99999998,6337,4239,4779.77924835,0.351719249999215,0.7392620385039862,0.8821187698001086
2018-03-21T02:38:23.183,3.831e-05,3.924e-05,3.861e-05,473.50063729,198,312,8960.99999998,6338,4243,4779.04806448,0.34329590999923376,1.1761863306999518,0.5812523200706218
2018-03-21T02:38:53.317,3.839e-05,3.861e-05,3.839e-05,473.85756394,208,320,8909.81565028,6325,4248,4784.17195139,0.34204782281424917,2.423346795789308,1.6267000674646157
2018-03-21T02:39:25.253,3.861e-05,3.912e-05,3.862e-05,474.87190221,205,321,8909.81565025,6327,4250,4785.78250968,0.3440079822561525,2.0672491891422426,1.1588468921853337
2018-03-21T02:39:56.167,3.909e-05,3.973e-05,3.909e-05,475.11316381,208,322,8909.81565025,6327,4250,4785.78250968,0.34828469376827254,2.2908698404814793,0.844828513080632
2018-03-21T02:40:26.327,3.909e-05,4.039e-05,3.909e-05,475.45438754,210,323,8909.81565027,6328,4252,4784.77185814,0.3482846937690543,1.631270019148889,3.3774578017517505
2018-03-21T02:40:57.78,3.863e-05,3.905e-05,3.835e-05,476.53494629,203,323,8909.81565028,6325,4250,4785.23423505,0.34418617857031636,1.109048393133175,2.671601307028862
2018-03-21T02:41:29.693,3.8e-05,3.8e-05,3.777e-05,477.81560659,197,328,8919.81565029,6328,4253,4785.12166395,0.33895299471102003,1.5599881545930692,2.7731398261560534
2018-03-21T02:41:59.51,3.75e-05,3.724e-05,3.72e-05,478.80085893,194,314,8919.81565029,6321,4251,4785.41288982,0.334493086885875,1.4070661068201642,0.7219785959314341
2018-03-21T02:42:30.483,3.664e-05,3.7e-05,3.664e-05,480.09549027,187,317,8919.81565029,6321,4252,4784.94257359,0.32682204542662563,1.5082176939337861,1.5178419408191823
2018-03-21T02:43:00.427,3.708e-05,3.777e-05,3.665e-05,483.74894608,191,311,8919.81565029,6322,4251,4784.70419253,0.3307467643127532,1.237023647740786,1.1510802261365982
2018-03-21T02:43:33.057,3.782e-05,3.868e-05,3.783e-05,484.81739362,197,320,8919.81565029,6322,4251,4784.70419253,0.3373474278939678,1.1895234867911084,1.1070389395077755
2018-03-21T02:44:04.793,3.858e-05,3.857e-05,3.788e-05,484.88883754,201,329,8910.2,6322,4252,4784.74581802,0.34375551600000004,1.5673780668098802,1.023702273294639
2018-03-21T02:44:33.2,3.855e-05,3.855e-05,3.8e-05,484.94280604,202,336,8910.2,6322,4256,4784.72510931,0.34348821000000007,2.361424503745949,1.2771833859165806
2018-03-21T02:45:35.297,3.937e-05,3.93e-05,3.875e-05,487.166858,203,316,8910.2,6322,4251,4784.87448611,0.350794574,1.4850079260536724,1.4845789735655488
2018-03-21T02:46:05.343,3.803e-05,3.87e-05,3.805e-05,490.35727291,199,319,8909.81565025,6315,4249,4785.82846253,0.33884028917900755,1.6568280198146432,1.1575378921647383
2018-03-21T02:46:36.72,3.796e-05,3.796e-05,3.79e-05,490.51956494,200,323,8909.81565025,6315,4254,4787.03694602,0.33821660208349,0.8259373850938188,5.441855993388984
2018-03-21T02:47:08.753,3.784e-05,3.698e-05,3.652e-05,491.22307773,191,309,8910.2,6314,4254,4784.86745854,0.337161968,1.1180623878268237,3.706700775818533
2018-03-21T02:47:39.677,3.652e-05,3.7e-05,3.654e-05,493.66384602,199,308,8952.99999998,6318,4249,4785.14334154,0.3269635599992696,3.2972272129148403,2.4184157512156452
2018-03-21T02:48:10.947,3.782e-05,3.781e-05,3.729e-05,495.50503802,207,313,8952.99999998,6318,4249,4785.14334154,0.3386024599992436,15.203805737058339,3.24457403126361
2018-03-21T02:48:42.53,3.75e-05,3.932e-05,3.75e-05,497.576711,199,318,8952.99999998,6318,4249,4785.14334154,0.33573749999924996,1.841280145254768,1.941609360804934
2018-03-21T02:49:13.013,3.785e-05,3.785e-05,3.783e-05,499.17938965,210,317,8910.20000001,6317,4256,4778.75642733,0.33725107000037846,2.913829113082909,3.5594620303847133
2018-03-21T02:49:44.123,3.751e-05,3.87e-05,3.76e-05,500.29839569,208,310,8910.20000001,6317,4256,4778.75642733,0.3342216020003751,1.1365567670891543,1.0889264119541517
2018-03-21T02:50:14.797,3.769e-05,3.8e-05,3.77e-05,500.42012958,213,321,8910.20000001,6319,4256,4778.79500778,0.3358254380003769,0.8529295828688481,1.3111919949106698
2018-03-21T02:50:46.96,3.76e-05,3.756e-05,3.75e-05,501.04855183,204,317,8910.20000001,6319,4253,4779.1469327,0.335023520000376,15.695365478651665,0.9797203723015091
2018-03-21T02:51:19.83,3.75e-05,3.75e-05,3.739e-05,501.62041131,208,315,8910.20000003,6316,4254,4779.15698599,0.33413250000112493,16.323433995338295,2.116586188895698
2018-03-21T02:51:51.33,3.658e-05,3.75e-05,3.66e-05,503.79017291,204,311,8910.20000003,6318,4253,4779.48789102,0.32593511600109737,0.5767436276257916,2.068589115163144
2018-03-21T02:52:22.1,3.704e-05,3.704e-05,3.667e-05,503.84467658,208,319,8940.0,6319,4251,4779.47833737,0.3311376,0.7392078273836409,1.8939795899768979
2018-03-21T02:52:54.543,3.749e-05,3.738e-05,3.67e-05,503.91462781,209,322,8940.0,6320,4254,4779.45938454,0.33516060000000003,0.7406495690791073,1.3714278466035879
2018-03-21T02:53:25.723,3.732e-05,3.672e-05,3.671e-05,503.959173,211,324,8910.20000003,6322,4254,4780.54837534,0.3325286640011196,0.7266759783117746,1.9480375376176777
2018-03-21T02:53:59.55,3.666e-05,3.718e-05,3.681e-05,504.35033478,207,316,8910.20000003,6328,4257,4783.46105474,0.32664793200109976,7.8959878521246765,1.8744232811244947
2018-03-21T02:54:30.583,3.82e-05,3.8e-05,3.709e-05,505.57810175,220,314,8935.0,6320,4256,4786.43532808,0.341317,9.790417271478791,1.7237606414809026
2018-03-21T02:55:00.727,3.797e-05,3.797e-05,3.715e-05,506.45793384,222,319,8912.0,6326,4255,4787.08490522,0.33838863999999996,0.9478072191129829,2.028644908131849
2018-03-21T02:56:05.623,3.778e-05,3.681e-05,3.672e-05,508.99184367,213,316,8909.81565025,6317,4258,4789.40743144,0.33661283526644503,13.325027393980088,2.552882978826521
2018-03-21T02:56:36.343,3.622e-05,3.622e-05,3.621e-05,511.76090793,197,319,8909.81565025,6319,4259,4791.37472521,0.322713522852055,1.398395769515003,1.3483118885244847
2018-03-21T02:57:07.687,3.6e-05,3.7e-05,3.601e-05,513.56954488,196,320,8909.82565026,6319,4257,4818.6168872,0.32075372340936,1.5252626370311537,1.3773419941880771
2018-03-21T02:57:38.483,3.526e-05,3.656e-05,3.6e-05,515.01626375,196,325,8920.0,6315,4254,4819.14098451,0.3145192,2.0186535040908353,1.0434197122054398
2018-03-21T02:58:09.753,3.656e-05,3.652e-05,3.562e-05,515.18610652,209,328,8920.0,6317,4255,4816.18433743,0.3261152,2.012113147618342,1.6781687147461293
2018-03-21T02:58:40.023,3.6e-05,3.601e-05,3.562e-05,515.98984141,212,331,8919.99999999,6313,4257,4817.94214974,0.32111999999963997,1.5947012828929963,0.7680925051945093
2018-03-21T02:59:13.057,3.567e-05,3.635e-05,3.57e-05,516.12821787,214,326,8919.99999999,6313,4257,4819.71175658,0.3181763999996433,1.4338347918086611,1.7656405694982515
2018-03-21T02:59:43.42,3.6e-05,3.6e-05,3.575e-05,516.25301657,219,327,8919.99999999,6313,4255,4822.0086245,0.32111999999963997,1.0003130550879733,1.938892199425653
2018-03-21T03:00:14.66,3.577e-05,3.594e-05,3.577e-05,516.2997124,225,328,8919.99999999,6311,4257,4822.15925171,0.31906839999964226,1.003198185659954,2.039146880258877
2018-03-21T03:00:45.36,3.599e-05,3.698e-05,3.63e-05,516.67682165,229,322,8919.99999999,6312,4251,4822.06340608,0.32103079999964007,1.4028627675846266,1.9892330421897282
2018-03-21T03:01:16.283,3.689e-05,3.68e-05,3.63e-05,517.27583691,227,320,8919.99999999,6312,4248,4822.59838484,0.32905879999963106,1.7271161412350737,1.4906305949709755
2018-03-21T03:01:48.15,3.697e-05,3.697e-05,3.634e-05,517.67290513,229,322,8919.99999999,6311,4250,4822.60215399,0.32977239999963026,1.6121821749814038,2.6993579913781582
2018-03-21T03:02:17.23,3.695e-05,3.69e-05,3.644e-05,517.75141479,230,326,8910.42565032,6308,4250,4822.70342083,0.32924022777932394,0.8852728124884999,2.235497930424681
2018-03-21T03:02:49.14,3.697e-05,3.724e-05,3.697e-05,519.95615359,230,316,8919.99999999,6309,4248,4823.03640076,0.32977239999963026,1.10569488946696,0.7237452143466261
2018-03-21T03:03:20.623,3.739e-05,3.724e-05,3.702e-05,520.43021911,228,313,8919.99999999,6309,4248,4823.03640076,0.3335187999996261,1.1989672488504421,1.197381465346118
2018-03-21T03:03:51.08,3.724e-05,3.723e-05,3.7e-05,520.70096807,226,319,8934.0,6312,4246,4823.04794896,0.33270216,0.5466163325554555,0.6409778427978658
2018-03-21T03:04:22.24,3.723e-05,3.7e-05,3.651e-05,521.01307472,227,322,8934.0,6314,4244,4823.05540368,0.33261282000000003,0.6089334814233813,1.324468367333251
2018-03-21T03:04:54.747,3.7e-05,3.67e-05,3.653e-05,521.0326535,227,327,8934.0,6321,4245,4823.19337611,0.33055799999999996,0.6396856816296062,0.563509441164014
2018-03-21T03:05:26.013,3.645e-05,3.699e-05,3.654e-05,521.6031126,222,326,8934.0,6321,4245,4823.19337611,0.3256443,0.5105288156556592,1.8548766610772702
2018-03-21T03:05:56.177,3.7e-05,3.717e-05,3.7e-05,521.67522371,229,325,8934.0,6320,4246,4823.25213851,0.33055799999999996,0.8741278476032546,2.2393773312232303
2018-03-21T03:06:35.4,3.697e-05,3.697e-05,3.654e-05,522.70248988,225,326,8934.0,6321,4246,4823.40937834,0.33028998,1.0412727790193788,1.6986781875164243
2018-03-21T03:07:06.137,3.655e-05,3.697e-05,3.655e-05,522.70486563,229,327,8934.0,6319,4246,4822.34705475,0.3265377,0.7955025131964267,1.9376414789928567
2018-03-21T03:07:35.34,3.654e-05,3.696e-05,3.654e-05,522.74569963,228,329,8934.0,6319,4246,4822.34705475,0.32644836,0.7190350394087434,2.446871448750926
2018-03-21T03:08:09.797,3.636e-05,3.654e-05,3.636e-05,523.2111193,224,329,8934.0,6320,4249,4821.48189723,0.32484024,0.5069506309354396,2.0221612658553605
2018-03-21T03:08:38.17,3.695e-05,3.695e-05,3.654e-05,523.23717917,228,333,8934.0,6323,4248,4821.42078207,0.3301113,0.5956641504090358,2.2844689092466117
2018-03-21T03:09:12.66,3.69e-05,3.688e-05,3.66e-05,523.30385821,228,333,8934.0,6323,4248,4821.42078207,0.32966460000000003,1.206200292932341,2.2792964810497773
2018-03-21T03:09:44.023,3.637e-05,3.684e-05,3.638e-05,523.41665608,226,336,8933.0,6321,4247,4815.2561957,0.32489321,0.9239546071190232,2.9907201155330685
2018-03-21T03:10:12.977,3.684e-05,3.683e-05,3.638e-05,523.42366173,230,333,8921.00000001,6319,4248,4811.97250632,0.32864964000036845,1.059559644715414,2.5549333385533424
2018-03-21T03:10:44.54,3.682e-05,3.68e-05,3.639e-05,523.51910162,231,335,8934.0,6322,4242,4814.78988634,0.32894988000000003,1.049064541097265,1.7548940885319593
2018-03-21T03:11:14.48,3.68e-05,3.68e-05,3.64e-05,523.5773984,236,332,8940.0,6322,4235,4819.70646904,0.328992,1.224816916408172,2.5656225501862937
2018-03-21T03:11:46.953,3.68e-05,3.68e-05,3.642e-05,523.5773984,236,332,8940.0,6324,4234,4819.84559157,0.328992,1.0774890673477686,3.078774585115124
2018-03-21T03:12:15.207,3.68e-05,3.67e-05,3.643e-05,523.5773984,236,332,8940.0,6327,4234,4819.65361976,0.328992,0.4717478441556654,2.522323183796003
2018-03-21T03:12:48.163,3.679e-05,3.679e-05,3.643e-05,523.77718358,241,333,8940.0,6326,4234,4818.5959352,0.3289026,0.2768595723034464,2.5509258668116384
2018-03-21T03:13:19.73,3.638e-05,3.673e-05,3.604e-05,524.04098546,237,334,8934.0,6322,4236,4814.99661698,0.32501892,1.1301370377453983,3.1157940929831063
2018-03-21T03:13:51.123,3.67e-05,3.67e-05,3.603e-05,524.5939108,225,333,8934.0,6320,4234,4812.01202203,0.3278778,1.0217805926971235,3.4524553716590773
2018-03-21T03:14:22.067,3.67e-05,3.651e-05,3.605e-05,524.5939108,225,333,8934.0,6317,4232,4812.74986517,0.3278778,1.1664595327847997,2.6293119740483752
2018-03-21T03:14:51.3,3.615e-05,3.651e-05,3.612e-05,524.59555274,233,338,8934.0,6317,4231,4811.33746815,0.3229641,0.9757542382431046,2.297638437413315
2018-03-21T03:15:19.07,3.663e-05,3.662e-05,3.621e-05,524.81373776,233,335,8934.0,6320,4230,4811.44407928,0.32725242,0.951358715838828,2.5808818289236255
2018-03-21T03:15:55.177,3.662e-05,3.663e-05,3.662e-05,524.81581622,234,338,8934.0,6320,4234,4811.27718191,0.32716308,0.9376512819402941,2.3580480984124152
2018-03-21T03:16:25.873,3.663e-05,3.665e-05,3.664e-05,524.85922089,239,337,8934.0,6324,4236,4789.12016132,0.32725242,0.995471571092252,2.4817306889411115
2018-03-21T03:17:06.503,3.695e-05,3.798e-05,3.695e-05,526.8129106,239,327,8900.9979998,6317,4236,4789.97599848,0.32889187609260995,1.395639076218039,1.3706136883603555
2018-03-21T03:17:42.613,3.799e-05,3.847e-05,3.838e-05,530.06435184,236,322,8902.213,6334,4238,4789.07461727,0.33819507187,1.8856426550441912,1.4539231953452658
2018-03-21T03:18:15.397,3.847e-05,3.798e-05,3.702e-05,532.01518674,230,324,8934.0,6317,4239,4788.92036619,0.34369098000000003,1.0423256964229701,2.832556814523322
2018-03-21T03:18:46.67,3.705e-05,3.783e-05,3.706e-05,533.12457202,237,332,8934.0,6316,4238,4788.61637135,0.3310047,1.0756077161226043,1.1428194112607404
2018-03-21T03:19:20.42,3.783e-05,3.783e-05,3.742e-05,533.45158388,241,330,8934.0,6320,4238,4783.47743712,0.33797322,0.9193548802694542,4.798214979023031
2018-03-21T03:19:52.203,3.783e-05,3.74e-05,3.735e-05,534.14140645,239,324,8930.0,6322,4241,4783.46127758,0.3378219,0.9339072276060819,2.665584215829696
2018-03-21T03:20:23.483,3.78e-05,3.779e-05,3.74e-05,534.26056986,248,327,8919.86,6321,4240,4783.78083019,0.337170708,1.2175049431770486,1.6582051563344349
2018-03-21T03:20:53.187,3.77e-05,3.76e-05,3.743e-05,534.27365805,252,326,8949.0,6324,4234,4783.88544936,0.3373773,0.8861527197168814,2.790439767216221
2018-03-21T03:21:23.39,3.711e-05,3.743e-05,3.711e-05,535.72486944,244,329,8949.0,6326,4232,4782.41258024,0.33209739,1.5180860777877865,3.3761543464891948
2018-03-21T03:21:55.547,3.711e-05,3.759e-05,3.715e-05,536.17679937,244,328,8950.0,6326,4229,4777.48123007,0.3321345,1.4122813425610383,2.8167749919421086
2018-03-21T03:22:25.753,3.715e-05,3.758e-05,3.711e-05,536.786152,243,334,8950.0,6324,4232,4774.18377098,0.3324925,1.3010551387658726,3.032179976982288
2018-03-21T03:22:59.49,3.747e-05,3.756e-05,3.747e-05,536.80201957,248,337,8950.1,6323,4235,4756.30997674,0.335360247,1.4127734329994683,2.8919127225449026
2018-03-21T03:23:27.677,3.712e-05,3.74e-05,3.712e-05,536.82908459,249,340,8950.1,6323,4235,4756.30997674,0.332227712,1.527611355052981,1.9984516428682666
2018-03-21T03:23:58.613,3.74e-05,3.739e-05,3.713e-05,536.88018689,250,341,8919.86,6326,4233,4737.42497792,0.33360276400000005,1.416136784499592,2.3889312557861624
2018-03-21T03:24:31.16,3.734e-05,3.734e-05,3.713e-05,536.89543947,253,343,8919.86,6326,4233,4737.42497792,0.3330675724,1.447512134215473,2.3722950445963598
2018-03-21T03:25:03.77,3.734e-05,3.734e-05,3.713e-05,536.9180608,252,344,8905.0,6322,4233,4735.72185539,0.3325127,1.447512134215473,2.3496737069411533
2018-03-21T03:25:34.8,3.713e-05,3.73e-05,3.713e-05,538.08385856,252,345,8949.0,6324,4233,4732.30960263,0.33227637,1.3734586520373806,1.863611227015051
2018-03-21T03:26:06.113,3.714e-05,3.73e-05,3.715e-05,538.16666064,256,344,8949.0,6324,4233,4732.49514976,0.33236586,1.6804832091547652,1.6874177183415302
2018-03-21T03:26:37.27,3.734e-05,3.759e-05,3.735e-05,538.43612174,259,344,8950.0,6326,4234,4732.08398616,0.33419299999999996,1.1312234246467583,1.5143366244205374
2018-03-21T03:27:36.147,3.8e-05,3.82e-05,3.773e-05,539.84049857,261,340,8950.0,6329,4229,4730.25013781,0.3401,1.0976457095463705,1.2039504616793346
2018-03-21T03:28:08.113,3.815e-05,3.794e-05,3.744e-05,539.9521849,263,341,8950.0,6329,4229,4730.25013781,0.3414425,1.5453407810910444,0.9894593821444246
2018-03-21T03:28:38.927,3.794e-05,3.792e-05,3.756e-05,540.15222257,262,342,8950.0,6329,4229,4730.25013781,0.339563,1.1684100079926796,0.9609211580240866
2018-03-21T03:29:08.363,3.83e-05,3.83e-05,3.795e-05,540.91213555,262,339,8950.0,6329,4229,4730.25013781,0.342785,0.6493419308124201,0.7694662376018728
2018-03-21T03:29:38.253,3.795e-05,3.837e-05,3.83e-05,540.97241002,253,341,8950.0,6329,4229,4730.25013781,0.3396525,0.833569058885166,3.173076210200488
2018-03-21T03:30:10.183,3.828e-05,3.818e-05,3.799e-05,541.2314968,256,339,8950.0000001,6335,4232,4728.82005179,0.342606000003828,1.1504767453277878,0.8543128167393269
2018-03-21T03:30:43.097,3.849e-05,3.85e-05,3.849e-05,541.37858296,258,336,8952.99999997,6340,4231,4728.41370505,0.34460096999884526,1.7036652407323116,3.1121188276484535
2018-03-21T03:31:13.63,3.875e-05,3.91e-05,3.889e-05,542.27652272,255,331,8952.99999997,6340,4231,4728.41370505,0.3469287499988375,2.0860882018145657,3.72670615225763
2018-03-21T03:31:44.883,3.91e-05,3.907e-05,3.822e-05,544.51363574,252,330,8952.99999997,6336,4230,4726.10132403,0.350062299998827,0.98972614140471,5.4346195356533995
2018-03-21T03:32:16.217,3.822e-05,3.896e-05,3.822e-05,544.84569579,255,331,8960.99999998,6333,4222,4728.67737552,0.34248941999923566,0.8601558582975211,0.779709692314206
2018-03-21T03:32:48.703,3.893e-05,3.89e-05,3.825e-05,545.44914314,256,333,8981.09999,6338,4219,4719.27164998,0.34963422261070004,1.0319675060789484,3.1305082217747184
2018-03-21T03:33:19.927,3.891e-05,3.891e-05,3.833e-05,545.56798044,253,335,8960.99999998,6337,4217,4718.30673764,0.3486725099992218,0.9132613163638648,1.022303438641235
2018-03-21T03:33:50.85,3.891e-05,3.84e-05,3.835e-05,546.01665822,247,337,8981.09998987,6338,4220,4715.43364648,0.34945460060584166,0.3887525924859262,1.6658783605384482
2018-03-21T03:34:20.247,3.844e-05,3.862e-05,3.844e-05,546.49580735,240,335,8981.08998987,6338,4217,4716.31462074,0.3452330992106028,0.35567149734887626,0.7909513331903079
2018-03-21T03:34:54.673,3.862e-05,3.9e-05,3.862e-05,546.59710038,240,334,8981.08998987,6338,4217,4716.31462074,0.3468496954087794,0.48540603537561305,3.069790699776341
2018-03-21T03:35:25.98,3.898e-05,3.898e-05,3.864e-05,546.76423787,244,334,8981.08998987,6339,4218,4717.22589747,0.35008288780513264,1.217130090951816,3.091759804561224
2018-03-21T03:35:57.75,3.906e-05,3.97e-05,3.93e-05,547.2903135,256,330,8981.09998987,6338,4214,4716.33454719,0.3508017656043222,1.6612712247882797,5.046166909417064
2018-03-21T03:36:28.267,3.964e-05,3.96e-05,3.906e-05,549.36984531,239,333,8981.09998987,6336,4216,4716.32064206,0.3560108035984468,0.2716023221618939,3.2886821571697364
2018-03-21T03:36:59.407,3.906e-05,3.906e-05,3.9e-05,549.54657364,236,335,8981.09998987,6337,4218,4714.8095224,0.3508017656043222,0.34977565234225455,5.3492926896619
2018-03-21T03:37:29.237,3.899e-05,3.862e-05,3.849e-05,549.63987521,238,339,8981.09998987,6337,4218,4714.8095224,0.35017308860503127,1.08774953727668,3.8644757666958442
2018-03-21T03:38:05.947,3.862e-05,3.862e-05,3.849e-05,550.93904579,232,342,8981.09998987,6333,4221,4714.1117521,0.3468500816087794,0.40625350859120196,3.526199138896303
2018-03-21T03:38:37.57,3.862e-05,3.897e-05,3.862e-05,551.05088497,235,342,8981.09998987,6330,4216,4714.1842439,0.3468500816087794,0.6760043446815371,1.456624568649915
2018-03-21T03:39:07.823,3.902e-05,3.895e-05,3.862e-05,551.33480218,239,340,8981.08998987,6327,4220,4711.79093944,0.35044213140472746,0.6884064926643383,3.6932389191245387
2018-03-21T03:39:41.89,3.902e-05,3.894e-05,3.862e-05,551.46099116,246,340,8971.0,6325,4220,4711.89093944,0.35004842,1.197777583415353,5.278757711432849
2018-03-21T03:40:14.91,3.891e-05,3.891e-05,3.862e-05,551.48036852,246,345,8971.0,6326,4219,4711.82476392,0.34906160999999997,1.1820116143254447,3.2812572785479572
2018-03-21T03:40:47.097,3.891e-05,3.9e-05,3.894e-05,551.9468801,251,343,8960.2,6326,4220,4709.40915739,0.348641382,1.6990319878578597,5.562858546526228
2018-03-21T03:41:18.537,3.9e-05,3.9e-05,3.894e-05,552.13666249,253,346,8969.9,6324,4223,4709.40574961,0.3498261,1.7069652841590155,5.388182764400488
2018-03-21T03:41:44.947,3.891e-05,3.899e-05,3.895e-05,552.46804605,245,346,8960.2,6320,4221,4709.19768724,0.348641382,1.1734647331221144,5.049569409415259
2018-03-21T03:42:20.247,3.862e-05,3.891e-05,3.862e-05,552.73722225,238,348,8960.2,6320,4221,4709.19768724,0.34604292400000003,1.5377009667459927,3.1759163071865446
2018-03-21T03:42:52.357,3.862e-05,3.862e-05,3.851e-05,553.01788981,234,349,8969.9,6325,4222,4708.85992938,0.34641753799999997,1.0540339231503597,3.2771570205901157
2018-03-21T03:43:21.297,3.841e-05,3.839e-05,3.822e-05,553.87420759,226,348,8970.0,6327,4222,4709.29614273,0.3445377,0.8587455795290732,3.132927834528127
2018-03-21T03:43:58.27,3.822e-05,3.839e-05,3.822e-05,554.05842035,220,353,8981.08998987,6327,4219,4709.18846752,0.3432572594128315,0.8300800064714694,3.139662859857342
2018-03-21T03:44:27.147,3.797e-05,3.822e-05,3.797e-05,554.38546953,222,353,8980.9,6330,4222,4709.61209184,0.341004773,1.2236566990546174,3.2142195725743323
2018-03-21T03:45:00.15,3.797e-05,3.83e-05,3.797e-05,554.57290705,225,352,8981.08998987,6327,4221,4709.75149753,0.3410119869153639,1.4334430988679778,3.317982780534335
2018-03-21T03:45:32.62,3.797e-05,3.797e-05,3.758e-05,554.83165995,223,352,8981.0,6328,4221,4709.49440897,0.34100856999999996,2.070790380053775,3.200905025309472
2018-03-21T03:46:02.697,3.797e-05,3.797e-05,3.76e-05,554.84762668,224,357,8981.0,6324,4221,4706.70419798,0.34100856999999996,1.6432263971907288,3.0659376747759293
2018-03-21T03:46:34.683,3.797e-05,3.797e-05,3.761e-05,554.91579874,225,358,8975.0,6327,4223,4706.36386996,0.34078074999999997,1.3952445014251842,3.6640878897793923
2018-03-21T03:47:04.813,3.737e-05,3.761e-05,3.74e-05,555.51218251,225,359,8978.0,6330,4221,4706.38938624,0.33550786000000005,1.331033007963441,3.0882253011210947
2018-03-21T03:47:36.287,3.743e-05,3.796e-05,3.745e-05,556.00859236,227,362,8981.0,6328,4221,4706.45482391,0.33615882999999996,0.6151534754431557,1.8518628205369685
2018-03-21T03:48:36.01,3.737e-05,3.784e-05,3.737e-05,556.5485788,223,359,8982.0,6325,4220,4706.12755548,0.33565734,1.3037813124436373,3.277347676288853
2018-03-21T03:49:05.967,3.737e-05,3.784e-05,3.737e-05,556.65686666,226,362,8988.957,6327,4211,4706.65843233,0.33591732309000005,1.161640717648898,3.27158061611129
2018-03-21T03:49:38.56,3.784e-05,3.78e-05,3.742e-05,557.04310305,224,363,8988.957,6330,4210,4706.86233766,0.34014213288,1.627908662039374,3.2546870526319287
2018-03-21T03:50:09.67,3.784e-05,3.779e-05,3.75e-05,557.04310305,224,363,8998.5,6329,4207,4706.91720206,0.34050324,1.6244453383481336,3.243358549555496
2018-03-21T03:50:38.25,3.776e-05,3.779e-05,3.75e-05,557.10876594,226,362,8998.5,6327,4205,4703.80128881,0.33978336,1.1279616475750478,3.802395534391211
2018-03-21T03:51:08.877,3.78e-05,3.797e-05,3.781e-05,557.63067134,227,359,8981.00000001,6331,4208,4704.4039284,0.33948180000037803,1.0841567197008573,3.8989165434692765
2018-03-21T03:51:40.58,3.78e-05,3.797e-05,3.78e-05,557.76355058,228,359,8981.5,6334,4211,4704.4957206,0.3395007,1.082833891639841,4.072956885361921
2018-03-21T03:52:09.333,3.742e-05,3.797e-05,3.742e-05,557.80346887,225,363,8981.5,6334,4211,4704.4957206,0.33608773,1.06042308047896,4.572755426331574
2018-03-21T03:52:39.74,3.742e-05,3.797e-05,3.742e-05,557.80346887,225,363,8981.00000001,6329,4213,4706.4957206,0.3360690200003742,1.1988027325978723,4.535714222081363
2018-03-21T03:53:15.807,3.797e-05,3.839e-05,3.798e-05,558.00118513,235,360,8988.957,6331,4210,4706.49722533,0.34131069728999996,0.85106699866573,3.9682439805893868
2018-03-21T03:53:46.12,3.798e-05,3.839e-05,3.8e-05,558.12555767,234,359,8999.98,6334,4197,4704.7218288,0.34181924039999995,0.7060261338711371,3.998926562817859
2018-03-21T03:54:16.09,3.839e-05,3.839e-05,3.8e-05,558.1296053,231,359,9040.0,6353,4137,4717.35861859,0.34704559999999995,0.92360503305735,4.161505180727339
2018-03-21T03:54:48.183,3.839e-05,3.839e-05,3.797e-05,558.78003634,225,364,9043.0,6335,4135,4717.99403537,0.34716076999999995,0.9472908176288969,4.8802809593908085
2018-03-21T03:55:19.14,3.797e-05,3.797e-05,3.746e-05,558.88153771,226,365,9051.0,6345,4111,4721.19044039,0.34366647,0.9976736702414644,4.204644895148755
2018-03-21T03:55:50.4,3.797e-05,3.795e-05,3.746e-05,558.91522147,226,370,9057.97368293,6333,4101,4722.97406516,0.34393126074085206,0.9976736702414644,4.576168816938884
2018-03-21T03:56:20.807,3.71e-05,3.742e-05,3.71e-05,559.84802358,218,370,9060.0,6332,4103,4724.99265867,0.336126,0.696551465870688,5.227747502104421
2018-03-21T03:56:53.293,3.707e-05,3.74e-05,3.707e-05,559.94433498,220,370,9080.0,6338,4082,4732.85740302,0.33659560000000005,0.9553316803220828,1.931340897313935
2018-03-21T03:57:23.433,3.71e-05,3.71e-05,3.708e-05,559.95192812,222,370,9065.88858599,6304,4085,4738.9797776,0.33634446654022904,0.8373161499737177,1.6304758617985233
2018-03-21T03:57:55.15,3.675e-05,3.675e-05,3.658e-05,560.69660628,212,372,9064.33349821,6309,4089,4741.08853082,0.3331142560592175,1.011656799055063,1.9532455327835787
2018-03-21T03:58:26.167,3.7e-05,3.699e-05,3.631e-05,561.21890877,215,370,9032.38122402,6298,4088,4744.71868849,0.33419810528874,1.2718230315858468,2.4682453390858017
2018-03-21T03:59:08.09,3.615e-05,3.615e-05,3.614e-05,562.25452071,209,369,9018.42435006,6323,4091,4747.4941999,0.326016040254669,1.583443610454999,1.7619068541243252
2018-03-21T03:59:40.607,3.615e-05,3.687e-05,3.62e-05,562.9260143,215,370,9020.42435006,6328,4092,4747.58048106,0.326088340254669,2.0044548194778717,2.3576976019956093
2018-03-21T04:00:09.14,3.686e-05,3.648e-05,3.62e-05,563.46930944,219,371,9032.0,6332,4095,4746.18863731,0.33291952,1.3134301883692339,0.5174643498284975
2018-03-21T04:00:42.403,3.684e-05,3.671e-05,3.622e-05,563.5595448,222,369,9032.0,6329,4091,4745.01309867,0.33273888,1.679992448709112,0.8107915165308011
2018-03-21T04:01:14.207,3.678e-05,3.687e-05,3.68e-05,564.02726988,227,368,9051.0,6336,4091,4743.75878419,0.33289578,1.1774932398873856,0.4592958240709969
2018-03-21T04:01:42.397,3.7e-05,3.702e-05,3.7e-05,564.18713762,228,368,9075.99999984,6334,4101,4737.24700405,0.33581199999407996,1.252425360778875,3.102817336730757
2018-03-21T04:02:14.82,3.794e-05,3.794e-05,3.709e-05,564.25314534,231,369,9061.71,6334,4099,4737.12077524,0.34380127739999994,1.6596324958598918,1.68180617995907
2018-03-21T04:02:48.04,3.794e-05,3.766e-05,3.712e-05,564.25314534,231,369,9041.25057416,6324,4102,4737.5789508,0.3430250467836304,1.3371937198430683,2.1962107452278103
2018-03-21T04:03:16.04,3.794e-05,3.766e-05,3.712e-05,564.25314534,231,369,9069.99999994,6322,4112,4719.16405399,0.3441157999977236,1.3823037961082754,2.010131162384785
2018-03-21T04:03:50.84,3.72e-05,3.766e-05,3.722e-05,564.37417087,228,372,9069.99999992,6323,4112,4718.00488739,0.3374039999970241,2.446733428585455,1.616661281091147
2018-03-21T04:04:23.703,3.721e-05,3.792e-05,3.725e-05,565.61717387,226,372,9042.71,6325,4102,4718.11543427,0.33647923909999994,1.0043559647750617,1.7479161339789686
2018-03-21T04:04:54.813,3.725e-05,3.791e-05,3.728e-05,565.93733711,226,373,9054.71,6324,4107,4718.40746601,0.33728794749999996,1.0579066054241335,1.7014648250394502
2018-03-21T04:05:26.253,3.712e-05,3.712e-05,3.703e-05,566.43036033,232,369,9054.71,6324,4104,4719.25244065,0.33611083519999996,0.4507918527230155,0.7366490596356342
2018-03-21T04:05:55.18,3.705e-05,3.75e-05,3.705e-05,566.79296646,235,374,9054.71,6327,4109,4717.22210505,0.3354770055,0.4973786921879768,1.2412932933393725
2018-03-21T04:06:26.937,3.782e-05,3.781e-05,3.705e-05,566.80413388,234,375,9041.71,6319,4105,4718.65310626,0.34195747219999995,0.7393098284751372,1.3094482028096421
2018-03-21T04:06:58.653,3.78e-05,3.777e-05,3.709e-05,567.06747283,232,373,9042.71,6320,4110,4714.08870812,0.34181443799999994,0.7478911598580266,1.2397466883095414
2018-03-21T04:07:30.627,3.78e-05,3.77e-05,3.708e-05,567.06747283,232,373,9042.71,6316,4110,4708.81468199,0.34181443799999994,0.8422623384987309,2.347414566816994
2018-03-21T04:07:55.313,3.76e-05,3.76e-05,3.707e-05,567.21165865,237,374,9042.71,6322,4119,4704.63630914,0.340005896,0.7890962409481865,2.2760999569955964
2018-03-21T04:08:31.597,3.756e-05,3.75e-05,3.71e-05,567.45648959,240,375,9042.71,6324,4118,4702.3762041,0.3396441876,0.6512759134336761,1.7714208152185043
2018-03-21T04:09:37.677,3.71e-05,3.746e-05,3.71e-05,567.54178251,230,375,9042.71,6327,4119,4698.4425637,0.33548454099999997,0.5408977633107958,1.7399734797318713
2018-03-21T04:10:04.013,3.71e-05,3.745e-05,3.71e-05,567.55532464,234,372,9042.71,6327,4123,4686.33910509,0.33548454099999997,0.5092744532890647,1.7341219284511038
2018-03-21T04:10:38.16,3.71e-05,3.71e-05,3.706e-05,567.65163122,236,376,9042.71,6327,4120,4686.17618966,0.33548454099999997,0.5818307285112198,2.0461120799499786
2018-03-21T04:11:10.29,3.701e-05,3.71e-05,3.7e-05,567.78409477,232,376,9054.99999999,6330,4117,4683.79370323,0.33512554999962985,0.6974448507675682,1.8178133358474198
2018-03-21T04:11:41.453,3.687e-05,3.699e-05,3.687e-05,568.17246417,227,377,9054.99999999,6324,4118,4675.4828322,0.33385784999963125,0.9196490062583492,1.922135840885905
2018-03-21T04:12:12.553,3.699e-05,3.744e-05,3.7e-05,568.27658227,231,379,9054.99999999,6329,4119,4662.11322281,0.3349444499996301,1.233563522184798,2.4131208279969236
2018-03-21T04:12:42.713,3.744e-05,3.743e-05,3.7e-05,568.27733107,230,378,9054.99999999,6329,4119,4662.11322281,0.3390191999996256,0.6498526066119794,1.8275486994170866
2018-03-21T04:13:14.377,3.744e-05,3.737e-05,3.7e-05,568.27733107,230,378,9065.99399998,6332,4121,4659.26527551,0.33943081535925124,0.8254290056143094,2.263265310219999
2018-03-21T04:13:44.8,3.74e-05,3.739e-05,3.701e-05,568.51001148,238,379,9065.99399998,6333,4120,4656.00036417,0.33906817559925206,0.7588727977125845,1.771910366669109
2018-03-21T04:14:16.353,3.736e-05,3.736e-05,3.7e-05,568.60432866,244,379,9065.99399998,6326,4118,4655.74429629,0.33870553583925284,1.1461406689005558,2.1531546172539255
2018-03-21T04:14:47.57,3.7e-05,3.744e-05,3.7e-05,568.87398365,246,372,9065.99899998,6330,4118,4652.10701163,0.33544196299926,0.32607852964344275,1.7027237826947612
2018-03-21T04:15:19.023,3.681e-05,3.7e-05,3.68e-05,569.30470485,245,373,9070.99999959,6336,4115,4648.50736816,0.3339035099849079,0.4889394219369819,2.1736817373397495
2018-03-21T04:15:49.23,3.719e-05,3.719e-05,3.681e-05,569.92214513,244,377,9066.0,6327,4115,4650.88015505,0.33716454,0.7609746635715973,1.887391817669545
2018-03-21T04:16:22.013,3.719e-05,3.711e-05,3.681e-05,569.94359721,241,377,9066.0,6329,4116,4648.30507869,0.33716454,0.7251922942069905,1.8374222500062483
2018-03-21T04:16:48.2,3.719e-05,3.71e-05,3.68e-05,569.94359721,241,377,9075.0,6330,4117,4648.33285422,0.33749925000000003,0.8843396684784861,1.8109987252746909
2018-03-21T04:17:23.17,3.627e-05,3.68e-05,3.628e-05,570.35280044,232,376,9075.0,6333,4120,4648.12405216,0.32915025,0.8251639128089503,2.1421707817940656
2018-03-21T04:17:54.933,3.628e-05,3.704e-05,3.631e-05,570.37105568,231,375,9074.99999998,6325,4120,4647.95436246,0.32924099999927436,1.0442218186239058,2.1734297244418586
2018-03-21T04:18:25.233,3.628e-05,3.701e-05,3.633e-05,570.60832422,227,377,9055.0,6318,4124,4650.4407841,0.32851539999999996,0.8790637601280487,2.3892251304944687
2018-03-21T04:18:56.177,3.633e-05,3.635e-05,3.634e-05,570.81498634,231,378,9055.0,6320,4127,4650.4653032,0.32896815,0.8444299971561136,0.656647158809049
2018-03-21T04:19:26.41,3.65e-05,3.689e-05,3.65e-05,571.30965641,234,378,9054.99999999,6314,4124,4649.67629504,0.33050749999963497,0.7012914849248042,0.6827146352285869
2018-03-21T04:20:07.2,3.691e-05,3.692e-05,3.65e-05,571.4466382,234,381,9055.0,6312,4126,4649.61646317,0.33422005,0.618323451367113,2.0890641867863335
2018-03-21T04:20:37.39,3.691e-05,3.683e-05,3.636e-05,571.4466382,234,381,9073.99999998,6311,4126,4650.56636567,0.33492133999926177,1.0022463179375873,1.4519133656975027
2018-03-21T04:21:08.8,3.691e-05,3.67e-05,3.651e-05,571.4466382,234,381,9073.99999998,6311,4126,4650.56636567,0.33492133999926177,0.8328412503422951,0.8201827270967892
